3117 4759
1562 356 1641 422 12

500 540 686 627 ἅπαξ
737 542 1092 632 ὄρισθεῖσα
1147 542 1186 634 ἡ
1246 544 1516 630 δύναμις
1573 544 1684 613 καὶ
1744 543 2037 634 σημασία
2080 544 2397 629 ἐνέμεινεν
2440 545 2510 612 έν
2550 551 2698 626 ταῖς

500 663 745 744 ψυχαῖς
784 664 916 723 τῶν
948 655 1263 747 Ἑλλήνων
1307 661 1725 747 θεωρουμένη
1770 654 1859 738 ὥς
1901 655 1941 748 ἡ
1987 655 2149 747 μόνη
2193 654 2470 747 α’ληθής.
2558 658 2698 727 Καὶ

500 768 568 835 έν
621 774 703 856 τῇ
758 766 957 857 ἐπικῇ
1012 765 1213 858 ταύτῃ
1269 774 1399 834 τῶν
1454 766 1690 852 μύθων
1750 765 2180 857 διακοσμήσει
2237 766 2351 834 καὶ
2408 766 2699 851 διατάξει

498 875 848 969 ὀφείλομεν
908 880 988 948 νὰ
1049 876 1548 969 α’ναζητήσωμεν
1609 879 1721 947 καὶ
1763 878 1839 946 τὸ
1887 877 2252 968 τριλογικὸν
2294 885 2424 947 τῶν
2467 877 2693 963 αἰσχυ-

500 988 691 1058 λείων
742 994 1146 1081 Τραγῳδιῶν.
1241 999 1461 1058 Ίαῖτα
1503 990 1539 1058 ό
1589 993 1928 1079 Βέλκερος.
2010 988 2083 1060 ‘0
2129 992 2202 1060 δέ
2232 994 2460 1060 Nitsoh
2504 990 2574 1058 έν
2612 997 2694 1080 τῇ

497 1106 829 1189 συγγραφῇ
857 1103 1284 1187 Sagenpoesie
1329 1105 1445 1171 der
1474 1104 1793 1171 Grieohen
1837 1098 2151 1168 τάναντία
2194 1108 2451 1189 φρονῶν
2493 1098 2696 1189 κρίνει

496 1210 603 1280 ὅτι
645 1212 713 1280 έν
755 1219 836 1301 τῇ
879 1212 1079 1302 ἐπικῇ
1121 1211 1390 1302 ποιήσει
1420 1213 1778 1303 ένυπῆρχον
1822 1209 2030 1280 ἐνίοτε
2073 1210 2156 1279 τὰ
2188 1212 2535 1299 σπέρματα
2577 1219 2695 1301 τῆς

497 1319 829 1409 τριλογίας
870 1318 1014 1406 οὐχί
1056 1320 1234 1406 ὅμως
1278 1321 1566 1391 πάντοτε
1624 1321 2112 1410 α’νευρίσκονται
2156 1322 2224 1390 έν
2269 1322 2455 1411 αὐτῇ,
2519 1322 2692 1391 διότι

496 1431 609 1499 καὶ
649 1430 713 1499 οὶ
748 1431 1040 1521 Λυρικοὶ
1082 1432 1193 1499 καὶ
1239 1430 1303 1499 οἱ
1342 1433 1649 1522 Τραγικοὶ
1693 1432 2139 1524 μετεποίησαν
2170 1433 2389 1501 πολλὰ
2417 1439 2548 1501 τῶν
2576 1440 2693 1501 τοῦ

493 1540 718 1626 μύθου
763 1540 1023 1626 σχόντες
1066 1541 1134 1610 έν
1176 1542 1389 1632 τούτῳ
1442 1540 1677 1631 ὁδηγὸν
1721 1539 1862 1628 ούχὶ
1905 1543 2023 1634 τὴν
2069 1541 2243 1611 ἰδίαν
2286 1542 2534 1611 ἑαυτῶν
2573 1542 2690 1612 ἅν·-

493 1652 767 1743 τίληψιν
821 1654 934 1722 καὶ
976 1655 1345 1745 φαντασίαν
1387 1652 1557 1723 α’λλά
1602 1656 1777 1723 πολὺ
1832 1658 2082 1740 μᾶλλον
2122 1653 2693 1737 άκολουθύσαντες

494 1764 615 1845 τὰς
671 1763 1026 1854 διαφόρους
1077 1772 1207 1833 τῶν
1259 1765 1497 1850 μύθων
1543 1766 1947 1855 παραδόσεις
2003 1764 2190 1848 ὅπως
2233 1759 2431 1835 αὗται
2473 1771 2688 1858 διετη-

496 1883 726 1966 ροῦντο
797 1877 909 1944 καὶ
969 1880 1356 1961 διεσώζοντο
1433 1873 1557 1945 ἀνὰ
1621 1877 1698 1944 τὸ
1756 1876 1968 1963 στόμα
2021 1883 2139 1946 τοῦ
2198 1881 2380 1946 λαοῦ.
2491 1878 2691 1948 Διότι

491 1985 703 2070 ἄλλως
754 1986 793 2078 ἡ
839 1987 1036 2077 φύσις
1079 1988 1241 2078 αύτὴ
1297 1997 1428 2057 τῶν
1470 1988 1707 2074 μύθων
1749 1985 1879 2058 εἶνε
1933 1990 2204 2080 τοιαύτη
2250 1989 2420 2059 ὥστε
2462 1995 2688 2081 διατη-

493 2108 752 2191 ροῦντες
810 2093 993 2169 οὗτοι
1048 2099 1166 2189 τὴν
1214 2097 1387 2167 ἰδίαν
1430 2098 1646 2168 αὑτῶν
1689 2100 1961 2186 δύναμιν
2015 2101 2095 2167 νὰ
2136 2098 2532 2170 ἆλλοιῶνται
2576 2126 2691 2170 συ-

492 2214 666 2303 νῳδὰ
710 2212 880 2302 πρὸς
922 2212 1041 2293 τὰς
1079 2216 1452 2298 μεταβολὰς
1494 2213 1606 2279 καὶ
1647 2201 1769 2293 τὰς
1800 2213 2126 2304 προόδους
2166 2218 2298 2278 τῶν
2341 2210 2690 2300 ἀνθρωπί-

492 2354 616 2395 νων
675 2322 1107 2415 άντιλήψεων.
1209 2324 1346 2392 Καὶ
1407 2324 1674 2405 πάντως
1731 2322 1910 2413 όρθὴ
1971 2320 2101 2393 εἶνε
2161 2324 2197 2415 ἡ
2257 2324 2470 2414 κρίσις
2526 2324 2687 2416 αὕτη

488 2446 606 2505 τοῦ
633 2440 878 2518 Nitsoh,
924 2432 1082 2504 καθ’
1124 2429 1201 2525 ἢν
1243 2436 1356 2503 καὶ
1402 2437 1469 2502 ἐν
1511 2444 1606 2523 τῷ
1648 2443 1781 2504 τῶν
1823 2437 2061 2521 μύθων
2108 2440 2446 2505 πολυειδεῖ
2490 2464 2690 2523 μετα-

491 2554 919 2638 σχηματισμῷ
991 2547 1413 2640 έμφανίζεται
1480 2545 1520 2637 ἡ
1581 2545 1784 2637 φύσις
1838 2544 2002 2636 αὕτη
2063 2555 2193 2615 τῶν
2250 2544 2690 2637 ἀνθρωπίνων

490 2658 892 2750 πραγμάτων
936 2658 1078 2744 ούχὶ
1123 2660 1190 2727 ἐν
1249 2670 1427 2729 statu
1474 2684 1604 2746 quo
1664 2657 2070 2745 ἐμμενόντων
2116 2657 2257 2728 ἄλλ’
2301 2660 2526 2730 ὄλονέν
2568 2659 2690 2729 ἆλ-

487 2772 880 2855 λοιουμένων
937 2769 1051 2837 καὶ
1106 2768 1226 2839 ἐπὶ
1285 2769 1367 2837 τὰ
1426 2767 1657 2859 πρόσω
1715 2770 2227 2860 προβαινόντων.
2317 2772 2455 2840 Καὶ
2519 2798 2689 2862 προ-

487 2882 718 2970 βάλλει
775 2879 932 2971 ἦμῖν
990 2878 1026 2949 ὃ
1074 2880 1357 2961 Νίτσιος
1398 2882 1565 2965 μετὰ
1612 2883 1896 2973 ἐπιμελῆ
1941 2882 2201 2973 ἔρευναν
2242 2884 2354 2951 καὶ
2400 2886 2691 2969 ἐξέτασιν

486 2991 988 3082 παραδείγματα
1047 2991 1383 3059 δεικνύντα
1437 2992 1544 3061 ὅτι
1599 2992 1636 3060 ό
1682 2992 2028 3077 Αἰσχύλος
2079 2995 2149 3063 ἔν
2186 3020 2325 3063 τισι
2366 3002 2487 3078 μὲν
2528 3022 2687 3082 τρα-

486 3105 754 3195 γῳδίαις
796 3102 1196 3193 μετεποίησε
1256 3103 1410 3184 τούς
1451 3102 1589 3171 ὑπὸ
1648 3111 1779 3171 τῶν
1824 3105 2074 3171 έπικῶν
2120 3107 2690 3193 παραδεδομένους

485 3216 744 3302 μύθους
787 3216 856 3283 ἐν
900 3211 1127 3296 ἅλλοις
1170 3216 1243 3284 δὲ
1289 3214 1495 3283 πάλιν
1550 3212 2201 3302 διεπραγματεύσατο
2245 3213 2531 3299 μύθους,
2600 3207 2689 3282 ὧν

487 3324 797 3411 ούδεμίαν
839 3323 1066 3411 μνείαν
1112 3327 1463 3395 ἐποιοῦντο
1505 3325 1589 3393 τὰ
1632 3324 1786 3413 ἔπη.
1868 3319 1977 3393 Ἐκ
2008 3332 2141 3391 τῶν
2171 3328 2440 3393 πολλῶν
2471 3352 2688 3414 παρα-

487 3436 850 3526 δειγμάτων
909 3437 1429 3528 περιοριζόμεθα
1486 3437 1779 3507 ἐνταῦθα
1833 3435 1930 3519 εἰς
1972 3436 2090 3528 τὴν
2128 3438 2493 3526 Ὀρέστειαν
2510 3492 2525 3520 ,
2594 3436 2688 3518 εἰς

485 3549 599 3618 τὸν
640 3556 862 3633 μῦθον
918 3551 1113 3638 δῆλον
1174 3546 1278 3618 ὅτι
1321 3548 1434 3617 τὸν
1492 3547 2093 3639 περιστρεφόμενον
2139 3548 2296 3638 περὶ
2336 3548 2455 3630 τὰς
2493 3548 2688 3632 τύχας

485 3668 605 3729 τοῦ
644 3657 965 3748 Ὀρέστου.
1056 3659 1194 3728 Καὶ
1269 3658 1347 3749 δὴ
1423 3659 1761 3746 βλέπομεν
1836 3659 1940 3728 ὅτι
2014 3657 2049 3727 ὅ
2092 3656 2377 3748 Ὅμηρος
2438 3655 2557 3749 ἤδη
2619 3660 2687 3726 έν

484 3769 826 3861 Ὀδυσσείᾳ
869 3799 912 3839 α
954 3776 1242 3856 35-41,
1311 3796 1350 3859 y
1398 3775 1772 3853 193-198‚
1817 3777 1976 3855 234,
2022 3776 2148 3841 248
2190 3769 2304 3838 καί
2345 3768 2489 3861 ἑξῆς
2539 3776 2685 3855 304,

488 3887 530 3953 δ
572 3888 676 3965 91,
718 3886 1078 3965 524-537,
1122 3888 1269 3966 546,
1318 3886 1358 3950 λ
1399 3887 1526 3952 409
1573 3883 1686 3951 καὶ
1729 3882 1874 3973 ἑξῆς
1905 3882 2255 3972 παραδίδει
2284 3880 2389 3950 ὅτι
2431 3880 2467 3949 ὃ
2495 3878 2691 3969 Ἀγα-

486 3997 745 4083 μέμνων
789 3994 1179 4063 ἐπανελθών
1232 3992 1459 4064 οἴκαδε
1519 3992 1718 4064 ὤλεθ’
1779 3993 1893 4063 ὑπ’
1939 3993 2319 4083 Αἰγίσθοιο
2363 3994 2537 4084 δόλῳ
2579 3994 2692 4063 καὶ

487 4102 565 4197 ἧς
623 4104 888 4190 α’λόχοιο
944 4104 1049 4174 ὅτι
1106 4104 1143 4173 ὁ
1203 4104 1557 4194 Αἴγισθος
1618 4104 1897 4186 ἑπτάκις
1953 4104 2195 4197 ἤνασσε
2255 4106 2690 4196 πολυχρύσοιο

492 4217 822 4307 Μυκήνης,
868 4224 962 4306 τῷ
1003 4219 1077 4286 δὲ
1123 4216 1187 4285 οἱ
1231 4215 1526 4308 ὀγδοάτῳ
1556 4217 1755 4287 κακὸν
1797 4215 2005 4308 ἤλυθε
2059 4222 2201 4299 δῖος
2224 4216 2528 4313 Ὀρέστης
2571 4218 2691 4289 ἀπ’
