3117 4759
1461 331 1503 395 9

394 519 756 608 ἀνευρίσκει
799 519 835 589 ὃ
868 520 1231 609 Λεσίγγιος
1275 521 1343 588 ἕν
1367 526 1509 600 τοῖς
1537 516 1989 607 Εὖριπιδείοις
2020 515 2386 608 Προλόγοις
2417 515 2586 605 πρό-

395 629 550 699 οδόν
604 658 752 700 τινα
808 632 923 718 καί
964 630 1451 721 τελειοποίησιν
1492 636 1609 721 τῆς
1653 636 1957 720 τραγικῆς
1998 617 2252 719 τέχνης,
2317 634 2590 717 πρᾶγμα

394 737 561 828 ὅπερ
605 737 643 807 ὁ
675 744 1056 828 Bernhardy
1094 738 1539 830 χαρακτηρίζει
1586 739 1677 820 ὥς
1713 741 2034 828 τολμηρὸν
2075 738 2187 804 καὶ
2231 734 2590 805 ἀπίθανον·

563 847 928 939 Ἐρχόμεθα
984 845 1106 940 ἤδη
1150 848 1246 931 εὶς
1287 848 1405 940 τὴν
1449 850 1630 937 παρὰ
1672 855 1816 930 τοῖς
1859 846 2202 928 πλείστοις
2247 843 2592 931 ἰσχύουσαν

396 961 669 1054 γνώμην,
717 962 892 1031 διότι
933 959 1096 1044 ἴσως
1137 963 1446 1053 ἐξηνέχθη
1491 960 1654 1052 αὕτη
1696 960 1832 1029 ὑπὸ
1876 968 2007 1028 τῶν
2049 960 2131 1029 τὰ
2171 960 2459 1046 μάλιστα
2502 959 2594 1029 εἰ-

399 1075 692 1166 δημόνων
735 1075 890 1162 περὶ
931 1075 1015 1142 τὰ
1059 1082 1177 1165 τῆς
1220 1073 1491 1162 ἀρχαίας
1521 1081 1774 1165 σκηνῆς,
1816 1073 1953 1142 ὑπὸ
1998 1083 2115 1143 τοῦ
2146 1078 2439 1161 Schlegel
2481 1075 2593 1142 καὶ

397 1192 747 1257 Hermann.
826 1186 898 1257 Ὁ
936 1192 1056 1274 μέν
1100 1191 1393 1275 Schlegel
1437 1188 1504 1255 έν
1544 1193 1641 1275 τῷ
1687 1185 2134 1275 συγγράμματι
2188 1185 2389 1254 αὑτοῦ
2429 1190 2594 1257 Vor-

398 1306 710 1388 lesungen
752 1306 914 1371 iiber
960 1306 1417 1376 dramatisohe,
1436 1304 1651 1369 Kunst
1691 1305 1828 1368 und
1869 1304 2227 1369 Litteratur
2277 1301 2593 1368 διατείνε-

401 1441 509 1483 ται
554 1411 657 1483 ὅτι
703 1413 742 1505 ἡ
789 1414 1039 1495 παντὸς
1084 1417 1325 1499 δεσμοῦ
1367 1410 1792 1502 άνεξάρτητος
1833 1411 2175 1501 ἐλευθερία
2192 1465 2209 1497 ,
2274 1410 2377 1502 ἐφ’
2420 1406 2462 1504 ᾗ
2506 1412 2597 1494 ὥς

403 1526 792 1611 δικαιώματι
836 1525 1084 1613 ἔχαιρεν
1124 1524 1163 1616 ἦ
1208 1525 1475 1615 τραγικὴ
1520 1524 1808 1615 ποίησις,
1858 1524 2176 1593 ἐκπίπτει
2218 1521 2375 1614 παρ’
2405 1522 2598 1612 Εὔρι-

403 1636 570 1728 πίδῃ
644 1635 966 1718 πολλάκις
1032 1634 1127 1718 εἷς
1198 1635 1736 1734 ἅδικαιολόγητον
1803 1634 2255 1727 αὕθαιρεσίαν.
2374 1634 2591 1719 Διότι,

404 1749 833 1840 προστίθησι,
895 1750 1294 1838 γινώσκομεν
1338 1749 1441 1818 ὅτι
1486 1747 1549 1817 οἳ
1594 1757 1713 1818 τοῦ
1748 1747 2003 1837 Ὑγίνου
2044 1755 2256 1834 μῦθοι
2299 1746 2595 1837 τοσούτῳ

405 1863 823 1952 διαφέροντες
863 1871 980 1953 τῆς
1034 1869 1253 1952 κοινῆς
1304 1858 1733 1950 παραδόσεως
1778 1858 2145 1951 ἐξήχθησαν
2188 1858 2257 1927 έν
2299 1860 2481 1945 μέρει
2524 1859 2597 1927 ἐκ

403 1981 535 2041 τῶν
584 1976 970 2062 Τραγῳδιῶν
1011 1982 1128 2043 τοῢ
1170 1971 1554 2063 Εὐριπίδου.
1638 1970 1906 2062 Ἐπειδὴ
1952 1970 2191 2040 λοιπὸν
2236 1968 2270 2040 ὃ
2316 1967 2597 2062 Εὐριπί-

407 2087 522 2175 δης
583 2084 906 2168 πολλάκις
967 2084 1266 2172 ἀπέβαλε
1333 2093 1471 2153 πᾶν
1527 2088 1715 2175 μέχρι
1774 2088 1963 2154 τοῦδε
2031 2086 2429 2173 ἐγνωσμένον
2485 2084 2598 2152 καὶ

405 2199 638 2281 κοινὸν,
702 2195 869 2284 εἶχεν
912 2197 1190 2288 ἀνάγκην
1235 2205 1364 2266 τῶν
1409 2197 1766 2287 Προλόγων
1807 2202 1917 2265 ἵνα
1961 2195 2045 2266 δι’
2088 2195 2300 2265 αὐτοῖν
2343 2194 2596 2288 σημάνῃ

366 2341 367 2344 “
407 2316 554 2392 πῶς
595 2306 791 2391 αότὸς
845 2309 1351 2401 ἐπεξειργάσατο
1407 2311 1523 2377 τὸν
1564 2315 1784 2394 μῦθον
1826 2308 1993 2377 κατὰ
2036 2309 2154 2399 τὴν
2201 2306 2376 2377 ἰδίαν
2420 2307 2599 2398 αὐτῷ

397 2416 749 2511 α’ντίληψιν
804 2415 923 2488 καὶ
973 2421 1344 2510 προαγγέλῃ
1388 2419 1643 2505 σύναμα
1700 2420 1812 2487 καὶ
1854 2418 1972 2510 τὴν
2016 2420 2379 2509 περαιτέρω
2421 2422 2595 2487 πλο-

398 2532 515 2623 κὴν
573 2531 686 2599 καὶ
749 2529 1022 2619 πορείαν
1078 2529 1245 2599 κατά
1303 2557 1451 2598 τινα
1508 2525 1777 2618 τρόπον.
1845 2525 2104 2610 ’Άλλως
2161 2530 2233 2598 δέ
2294 2521 2600 2619 σφοδρῶς

400 2642 721 2731 ἐπικρίνει
763 2641 800 2710 ὁ
846 2631 1198 2728 Σχλέγελος
1253 2642 1370 2731 τὴν
1424 2649 1650 2730 χρῆσιν
1699 2651 1830 2708 τῶν
1880 2640 2195 2709 τοιούτων
2236 2639 2599 2728 Προλόγων

398 2754 535 2823 ὖπό
580 2755 697 2844 τὴν
739 2756 1030 2841 τεχνικὴν
1074 2749 1281 2835 ἀξίαν,
1324 2757 1568 2840 θεωρεῖ
1610 2748 1848 2832 αὐτοὺς
1888 2757 2349 2832 καθιστῶντας
2390 2748 2593 2836 μονό-

400 2890 590 2932 τονον
632 2863 749 2953 τὴν
792 2860 988 2952 ἇρχὴν
1029 2869 1161 2929 τῶν
1204 2857 1644 2947 Εὐριπιδείων
1687 2862 2068 2952 δραμάτωνι
2113 2888 2179 2933 es
2221 2866 2355 2945 hat,
2403 2863 2595 2949 λέγει,

403 2978 505 3044 ein
549 2996 801 3059 grosses
842 2973 1141 3040 Ansehen
1184 2995 1306 3039 von
1338 2974 1867 3059 Kunstlosigkeit,
1914 2977 2064 3043 dass
2108 2976 2285 3041 einer
2327 2976 2598 3041 heraus-

403 3089 649 3154 kommt
689 3087 824 3153 und
867 3092 1046 3171 sagt:
1115 3086 1222 3151 ioh
1267 3086 1377 3151 bin
1422 3086 1538 3150 der
1584 3088 1719 3152 und
1762 3087 1908 3165 der,
1974 3088 2111 3151 dies
2165 3087 2301 3150 und
2357 3086 2474 3151 das
2517 3087 2604 3151 ist

392 3202 502 3292 *bis
537 3202 702 3285 jetzt
743 3200 1134 3284 vorgefallen
1186 3199 1320 3265 und
1365 3199 1725 3284 Folgendes
1777 3199 1936 3264 wird
1979 3199 2146 3264 noch
2200 3199 2602 3284 geschehen“

403 3312 544 3378 κτλ.
634 3308 825 3376 Κατὰ
882 3307 1095 3377 πόσον
1150 3309 1219 3375 ἓν
1275 3307 1535 3388 τούτοις
1597 3307 1726 3393 ἔχει
1774 3306 2027 3377 δίκαιον
2070 3305 2605 3399 ἀποφαινόμενος

405 3419 509 3489 ὅτι
554 3417 590 3486 ὁ
626 3416 1084 3508 Ἀριστοτέλης
1126 3422 1342 3487 καλῶν
1397 3420 1512 3488 τὸν
1555 3416 1921 3510 Εὐριπίδην
1963 3420 2445 3510 τραγικώτατον
2487 3420 2601 3490 οὕ-

407 3534 515 3602 δὲν
571 3528 734 3600 ἄλλο
793 3526 958 3614 εἶχεν
1010 3528 1124 3597 ὑπ’
1182 3526 1349 3622 ὄψιν
1398 3530 1439 3621 ἢ
1481 3531 1586 3601 ὅτι
1646 3529 1715 3600 αἱ
1766 3530 2135 3623 Τραγῳδίαι
2192 3532 2391 3601 αύτοῦ
2433 3528 2604 3618 εἶχον

406 3641 715 3732 τραγικὰς
757 3638 1005 3723 λύσεις,
1067 3636 1254 3709 οὐδὲν
1296 3643 1583 3729 θέλομεν
1626 3644 1920 3712 ἐνταῦθα
1977 3643 2055 3711 νά
2101 3646 2600 3733 προσθέσωμεν.

574 3752 644 3821 Ὁ
687 3752 759 3821 δὲ
803 3754 878 3820 G.
926 3754 1258 3822 Hermann
1301 3748 1416 3841 ἀφ’
1458 3750 1680 3842 ἑτέρου
1725 3751 1842 3836 (ἴδ.
1888 3758 1965 3823 G.
2012 3758 2367 3837 Hermann,
2415 3779 2605 3843 prae-

410 3868 523 3935 fat.
555 3869 756 3935 Eleess.
798 3866 1025 3952 Soph.)
1068 3860 1361 3932 διδάσκει
1406 3862 1565 3953 ἡμῖν
1605 3864 1763 3933 τάδε
1805 3870 2219 3953 „Euripidem
2260 3893 2342 3936 ne
2388 3877 2605 3937 aebum

410 4000 600 4063 agere
635 3979 1044 4064 judicaretur
1060 4028 1076 4055 ,
1122 3978 1290 4043 viam
1307 4029 1323 4056 ,
1370 4000 1566 4061 quam
1610 3980 1958 4064 Aeschylus
2005 3986 2074 4045 et
2117 3980 2462 4065 Sophocles
2504 3985 2605 4047 in-

409 4094 611 4176 gressi
666 4096 882 4158 essent
941 4093 1236 4157 deserere
1292 4097 1584 4158 eoactum
1637 4113 1775 4158 esse
1832 4114 2053 4176 eaque·
2097 4115 2176 4158 ex
2230 4114 2301 4158 re
2358 4093 2605 4175 aliquid

411 4205 837 4271 excusationis
879 4204 1136 4284 habere,
1184 4205 1238 4270 si
1280 4225 1443 4270 nova
1485 4225 1691 4289 eaque
1735 4205 1943 4271 minus
1974 4204 2307 4271 commoda
2325 4289 2332 4297 ὁ
2350 4207 2606 4289 excogi-
