3117 4759
1423 376 1510 441 23

368 599 440 642 τε
480 572 596 662 τὴν
638 566 839 659 αὐτὴν
879 567 1136 658 μορφὴν
1176 565 1343 660 μήτε
1382 566 1497 635 τὸν
1527 565 1725 636 αὐτὸν
1755 566 2149 655 δραματικὸν
2175 575 2558 656 χαρακτῆρα,

370 680 541 752 διότι
583 680 751 748 κατὰ
791 680 912 764 μὲν
952 678 1069 767 τὴν
1112 676 1488 768 ἐξωτερικὴν
1527 677 1787 767 μορφὴν
1831 677 2169 762 δυνάμεθα
2199 677 2277 745 νὰ
2307 677 2561 766 διακρί-

370 820 578 878 νωμεν
619 789 776 874 τρία
819 786 958 878 εἴδη
979 818 1000 854 .·
1045 792 1116 875 α)
1159 786 1313 868 τούς
1356 788 1428 855 ἐκ
1472 786 1776 875 διαλόγου
1805 784 2367 873 α’ποτελουμένους
2396 814 2562 876 προ-

370 902 597 992 λόγους
639 903 707 971 έν
735 907 1091 990 Προμηθεῖ
1132 898 1245 966 καὶ
1281 897 1492 968 Ἑπτὰ
1536 900 1655 967 ἐπὶ
1693 899 1935 991 Θήβας.
2024 910 2093 987 β)
2137 903 2288 984 τοὺς
2330 904 2401 972 ἐκ
2444 929 2563 988 μο-

371 1011 639 1100 νολόγου
683 1013 751 1081 έν
784 1009 1234 1099 Ἀγαμέμνονι,
1296 1009 1680 1101 Χοηφόροις
1726 1014 1837 1080 καὶ
1881 1012 2213 1099 Εὐμενίσι.
2298 1026 2365 1101 γ)
2407 1014 2564 1096 τοὺς

375 1126 449 1209 ἐξ
484 1120 908 1193 ἀναπαίστων
961 1130 1080 1191 τοῦ
1118 1131 1312 1212 χοροῦ
1353 1124 1421 1191 έν
1462 1124 1757 1211 Πέρσαις
1797 1124 1911 1193 καὶ
1944 1122 2264 1194 Ἱκέτισιν.
2327 1120 2565 1194 ’Ἀλλοι

373 1233 559 1316 ὅπως
602 1235 669 1303 έν
712 1226 814 1316 οἷς
855 1232 892 1302 o‘
938 1237 1298 1304 Firnhaber
1355 1234 1524 1322 πρὸς
1567 1227 1640 1303 ὃν
1682 1234 1795 1303 καὶ
1838 1234 1875 1303 ὁ
1919 1240 2080 1306 Voss
2130 1241 2239 1324 (de
2282 1241 2564 1324 prologis

371 1351 756 1434 Euripideis.
844 1349 1067 1433 Progr.
1133 1350 1250 1416 der
1303 1351 1524 1416 latein.
1583 1351 2055 1435 Hauptsehule‚
2121 1352 2312 1418 Halle
2371 1353 2563 1436 1873)

375 1461 725 1545 συμφωνεῖ,
771 1462 1103 1543 θεωροῦσι
1153 1454 1272 1536 τὰς
1317 1454 1435 1524 δύο
1477 1456 1849 1538 τελευταίας
1890 1455 2254 1547 τραγῳδίας
2298 1481 2565 1545 στερου-

374 1568 574 1653 μένας
612 1564 966 1654 Προλόγων
1023 1564 1198 1635 διότι
1251 1561 1555 1656 ἔρχονται
1608 1567 1719 1637 διὰ
1775 1574 1893 1636 τοῦ
1942 1575 2149 1658 χοροῦ.
2243 1572 2380 1636 Δὲν
2438 1562 2567 1636 εἷνε

375 1678 664 1746 ἐνταῦθα
705 1676 1109 1767 κατάλληλος
1151 1675 1540 1765 περίστασις
1585 1677 1663 1745 νὰ
1708 1676 2108 1764 ἐξετάσωμεν
2153 1677 2262 1746 διὰ
2303 1684 2568 1765 μακρῶν

373 1787 450 1858 τὸ
507 1787 782 1879 ζήτημα,
851 1794 1345 1877 παρατηροῦμεν
1399 1786 1634 1867 ἁπλῶς
1686 1785 1790 1857 ὅτι
1842 1785 2032 1878 ἡμεῖς
2088 1788 2261 1856 πολὺ
2318 1792 2568 1873 μᾶλλον

374 1899 704 1991 ἠθέλομεν
747 1900 814 1967 έν
857 1897 1070 1988 τούτῳ
1111 1899 1275 1985 μετὰ
1317 1906 1435 1969 τοῦ
1476 1904 1655 1969 Bode
1710 1899 2107 1992 συμφωνήσῃ
2151 1905 2567 1988 (Geschiehte

377 2016 495 2081 der
539 2014 811 2078 dramat.
856 2013 1269 2080 Dichtkunst-
1293 2015 1409 2079 der
1450 2014 1762 2081 Hellenen
1805 2015 1853 2094 Ι,
1899 2039 1963 2100 p.
2000 2016 2150 2102 192)
2196 2016 2368 2095 „Der
2398 2016 2568 2081 Chor

374 2128 551 2193 kann
595 2126 796 2192 selbst
838 2127 943 2222 die
984 2126 1337 2209 Handlung
1381 2128 1495 2192 des
1539 2127 1811 2193 Stiiekes
1855 2128 2062 2193 durch
2104 2127 2248 2193 eine
2292 2126 2569 2211 lyrisehe

374 2238 741 2322 Erzsshlung
784 2236 1072 2304 erbffnen
1090 2288 1105 2315 ,
1152 2239 1268 2302 wie
1312 2238 1380 2301 in
1425 2238 1552 2303 den
1597 2238 1885 2318 Persem,
1950 2240 2088 2304 und
2132 2240 2270 2304 dies
2313 2260 2569 2314 nennen

377 2347 481 2413 die
523 2348 837 2413 Hellenen
880 2346 1048 2412 auch
1078 2345 1353 2428 Prolog“
1399 2341 1511 2409 καὶ
1556 2340 1658 2411 ἔτι
1699 2346 1949 2427 μᾶλλον
1989 2344 2155 2428 μετὰ
2198 2350 2316 2411 τοῦ
2358 2348 2571 2412 Ritter

375 2456 471 2540 (ἐν
539 2462 765 2544 Ποιητ.
823 2451 1141 2543 Ἀριστοτ.
1206 2477 1351 2542 κεφ.
1386 2457 1493 2540 12)
1568 2459 1975 2541 θεωροῦντος
2037 2454 2120 2522 τὰ
2187 2452 2570 2545 συστήματα

370 2573 489 2634 τοῦ
530 2563 888 2655 κορυφαίου
932 2562 1064 2653 πρὸ
1108 2569 1228 2631 τοῦ
1269 2559 1566 2649 ἷίσματος
1608 2561 1961 2654 ὁλοκλήρου
2001 2571 2121 2632 τοῦ
2157 2570 2353 2654 χοροῦ
2395 2562 2573 2652 Πρό-

372 2680 580 2766 λογον.
649 2674 756 2756 Ὡς
801 2677 972 2763 πρὸς
1017 2677 1090 2745 δὲ
1135 2677 1250 2765 τὴν
1294 2674 1679 2764 έσωτερικὴν
1719 2673 1975 2762 μορφὴν
2020 2671 2157 2765 ἰδίᾳ
2200 2672 2238 2741 o‘
2279 2682 2410 2741 τῶν
2441 2671 2571 2743 Εὖ·-

370 2786 649 2873 μενίδων
689 2786 1032 2875 Πρόλογος
1074 2783 1327 2876 ὀφείλει
1369 2786 1449 2854 νᾶ
1495 2784 1733 2876 ἑλκύσῃ
1778 2786 1893 2875 τὴν
1936 2784 2250 2875 ἡμετέραν
2281 2785 2567 2876 μομφὴν,

374 2896 669 2966 καθόσον
711 2895 750 2987 ἦ
781 2897 893 2965 τὸν
923 2896 1261 2987 Πρόλογον
1291 2898 1648 2986 ποιουμένη
1678 2895 1914 2965 Πυθία
1958 2893 2145 2965 οὐδὲν
2188 2894 2320 2980 ἓῇςει
2358 2891 2572 2972 ἄλλως

376 3010 590 3079 κοινὸν
644 3009 813 3099 πρὸς
868 3010 983 3100 τὴν
1028 3006 1358 3078 ὑπόθεσιν
1400 3007 1600 3098 αὐτὴν
1658 3008 1769 3076 καὶ
1826 3006 1976 3076 οὔτε
2026 3007 2447 3093 ἐπανέρχεται
2500 3004 2572 3071 ἐκ

376 3122 672 3208 δευτέρου
715 3120 833 3190 ἐπὶ
877 3127 1112 3211 σκηνῆς
1153 3119 1319 3208 ὅπερ
1364 3117 1707 3205 συμβαίνει
1749 3113 1989 3205 ἐπίσης
2028 3116 2139 3183 καὶ
2184 3115 2251 3181 έν
2296 3121 2569 3203 Προμη-

373 3234 493 3296 θεῖ
533 3230 644 3296 καὶ
676 3227 1126 3317 Ἀγαμέμνονι.

540 3336 612 3408 ‘O
672 3340 744 3406 δὲ
786 3343 1125 3428 Σοφοκλῆς
1176 3337 1212 3408 ὁ
1268 3336 1627 3429 α’νυψώσας
1678 3335 1795 3426 τὴν
1854 3333 2159 3425 τραγικὴν
2208 3334 2429 3424 τέχνην
2472 3329 2569 3414 εἲς

375 3450 494 3519 τὸν
536 3447 873 3517 ἀνώτατον
916 3448 1184 3535 βαθμὸν
1227 3448 1499 3517 δεικνύει
1544 3446 1657 3514 καὶ
1699 3446 1767 3514 ἐν
1809 3450 1953 3526 τοῖς
1992 3442 2360 3534 Προλόγοις
2402 3447 2569 3511 λεπ-

373 3564 490 3653 τὴν
532 3564 754 3652 τέχνην
775 3586 789 3602 ·
838 3560 942 3629 διὸ
989 3558 1212 3648 ὀρθῶς
1254 3561 1425 3647 λέγει
1468 3559 1582 3627 καὶ
1623 3556 1659 3625 ὁ
1707 3561 1970 3628 Ellendt
2012 3559 2171 3645 (σελ.
2205 3560 2318 3644 26)
2362 3555 2523 3624 τάδε
2547 3586 2568 3623 .·

377 3680 577 3758 „Inde
621 3680 816 3743 etiam
858 3677 944 3742 ad
985 3676 1354 3741 inducenda
1383 3679 1767 3757 argumenta
1808 3678 1944 3737 tam
1987 3670 2333 3736 artificiose
2376 3676 2570 3735 aucta

374 3792 612 3873 ubique
654 3796 791 3855 tam
843 3788 1021 3853 brevi
1061 3785 1401 3853 verborum
1460 3784 1709 3849 ambitu
1759 3803 1947 3848 usum
1990 3781 2276 3848 videmus
2321 3780 2569 3864 Sopho-

376 3901 564 3980 clem,
611 3902 1038 3985 prologosque
1082 3899 1177 3964 ita
1223 3901 1626 3981 comparatos
1643 3946 1658 3973 ,
1717 3901 1791 3959 ut
1834 3894 2049 3959 omnia
2090 3913 2132 3958 a
2174 3892 2384 3976 primo
2431 3913 2568 3957 ser-

374 4016 578 4080 monis
619 4015 804 4080 initio
849 4013 1067 4091 fluere,
1114 4032 1322 4094 neque
1366 4008 1722 4075 desiderari
1762 4026 1974 4089 neque
2004 4004 2337 4071 abundare
2367 4025 2568 4087 quae-

374 4147 569 4208 quam
612 4126 982 4204 videantur,
1049 4125 1151 4190 vel
1208 4123 1452 4205 absque
1495 4120 1879 4187 necessitate
1932 4116 2161 4183 addita
2202 4117 2392 4181 sint“.
2484 4109 2567 4181 Οἱ

375 4231 705 4321 Πρόλογοι
732 4238 848 4300 τοῦ
875 4233 1286 4322 Σοφοκλέους
1326 4235 1748 4319 συμφωνοῦσι
1777 4226 1846 4295 έν
1873 4227 2041 4315 γένει
2072 4224 2242 4313 πρὸς
2269 4222 2385 4313 τὴν
2419 4219 2565 4312 ἄρι-

374 4344 742 4412 στοτέλειον
785 4342 1185 4432 προγραφὴν,
1250 4339 1344 4422 εἰς
1384 4334 1462 4431 ἢν
1503 4340 1618 4409 καὶ
1659 4335 2121 4429 ἐχρησίμευσαν
2165 4335 2437 4415 πάντως
2476 4331 2567 4412 ὥς
