3117 4759
1410 382 1513 458 321

1105 596 1374 683 Μέρος
1417 595 1833 682 Δεύτερον.

1364 764 1581 843 Θέσις.

547 901 743 969 Μετὰ
801 901 917 992 τὴν
962 897 1198 991 ἀκριβῆ
1243 898 1400 969 ὅσον
1440 897 1597 991 ἡμῖν
1638 894 1757 991 ἦτο
1811 901 2083 970 δυνατὸν
2127 900 2395 972 ἔκθεσιν
2436 909 2565 970 τῶν

375 1011 666 1102 κρίσεων,
727 1007 806 1094 ἃς
847 1012 1181 1105 ἐξήνεγκον
1225 1010 1359 1081 εἴτε
1401 1014 1470 1082 ἐν
1516 1010 1717 1094 ἰδίαις
1760 1013 2237 1102 πραγματείαις
2278 1011 2411 1083 εἴτε
2455 1014 2568 1082 καὶ

372 1121 606 1204 ἅπλῶς
646 1120 753 1193 ἐπ’
798 1120 1091 1214 εὐκαιρίᾳ
1148 1124 1305 1213 περὶ
1360 1130 1492 1191 τῶν
1535 1121 1976 1214 Εὐριπιδείων
2017 1124 2373 1214 Προλόγων
2418 1124 2564 1194 διά-

373 1259 568 1324 φοροι
611 1233 917 1324 Κριτικοί
929 1287 947 1316 ,
1013 1234 1341 1323 ἐρχόμεθα
1395 1230 1515 1324 ἤδη
1571 1233 1667 1315 εἷς
1720 1235 1837 1325 τὴν
1888 1233 2205 1327 ἡμετέραν
2252 1237 2453 1305 Θέσιν
2496 1236 2565 1305 ἕν

369 1340 411 1437 ᾗ
456 1346 553 1415 θὰ
598 1344 1064 1433 ἀναπτύξωμεν
1109 1354 1256 1429 πῶς
1295 1345 1483 1437 ἡμεῖς
1527 1337 1931 1432 έκδεχόμεῦα
1972 1347 2125 1429 τούς
2168 1344 2324 1438 παρ’
2368 1345 2565 1435 Εύρι-

373 1455 540 1548 πίδῃ
583 1455 976 1545 Προλόγους.
1061 1464 1213 1524 Πᾶν
1270 1460 1483 1545 δρᾶμα
1540 1456 1670 1541 ἔχει
1728 1456 1841 1525 ἕνα
1881 1457 1994 1525 καὶ
2051 1454 2307 1526 ἆπλοῢν
2347 1465 2566 1543 μῦθον

374 1565 465 1650 ὥς
505 1567 854 1652 ὑπόθεσιν,
908 1568 991 1638 δι’
1035 1561 1109 1638 οὗ
1153 1567 1538 1659 ἕκφράζεται
1567 1567 1782 1659 γενική
1826 1595 1927 1650 τις
1970 1568 2185 1639 ἔννοια
2227 1568 2361 1639 εἴτε
2403 1570 2565 1662 ἀλή-

374 1687 550 1749 θεια.
632 1679 705 1750 Ὁ
748 1687 966 1765 μῦθος
1008 1673 1199 1761 οὗτος
1241 1678 1369 1766 ἓῇςει
1412 1678 1776 1769 ἀναγκαίως
1816 1678 2012 1771 ἀρχὴν
2054 1681 2165 1749 καὶ
2205 1683 2393 1763 τέλος
2435 1678 2567 1750 εἴτε

371 1792 548 1885 ὅριον
594 1796 799 1883 πέραν
841 1800 959 1861 τοῦ
1002 1791 1242 1861 ὁποίου
1286 1794 1394 1862 δὲν
1436 1795 1705 1861 δύναται
1750 1791 1787 1861 ὅ
1833 1793 2112 1884 ποιητὴς
2166 1792 2245 1863 νὰ
2289 1796 2564 1863 ἐπεκτα-

369 1911 468 1995 θῇ
529 1902 644 1994 (ἴδ.
690 1906 894 1972 Erech
948 1929 1011 1971 u.
1058 1906 1340 1985 Gruber,
1387 1906 1731 1992 Enoyclop.
1777 1903 1845 1971 ἐν
1890 1905 1946 1971 λ.
1992 1906 2279 1993 Drama).
2365 1901 2561 1973 Ἀλλὰ

371 2015 602 2097 καθώς
645 2020 834 2082 πᾶσα
877 2015 946 2083 ἐν
986 2016 1151 2102 γένει
1197 2019 1434 2104 πρᾶξις
1477 2013 1588 2081 καὶ
1634 2021 1769 2082 πᾶν
1812 2011 1995 2103 ἔργον
2027 2012 2140 2081 καὶ
2184 2013 2419 2102 προϊὸν
2446 2021 2563 2083 τοῦ

372 2128 520 2209 νοὸς
561 2126 743 2218 ἡμῶν
784 2123 1090 2195 ἀδυνατεῖ
1132 2153 1234 2207 τις
1277 2127 1356 2194 νὰ
1398 2124 1767 2218 κατανοήσῃ
1798 2127 2087 2210 ἐντελῶς,
2135 2121 2214 2193 ὂῖν
2244 2126 2562 2216 πρότερον

371 2243 480 2310 δὲν
535 2235 779 2330 ἀκούσῃ
838 2239 909 2306 έκ
970 2236 1182 2306 ποίων
1245 2236 1473 2307 αἰτίων
1529 2238 1642 2306 καὶ
1685 2238 1795 2308 διὰ
1849 2243 2049 2307 ποῖον
2093 2237 2345 2307 σκοπὸν
2386 2236 2429 2329 ἢ
2470 2235 2566 2318 εἷς

369 2352 439 2418 τί
494 2347 993 2437 ἀποβλέποντες
1037 2349 1410 2437 ἐπράξαμεν
1463 2353 1540 2417 τὸ
1588 2350 1921 2437 πραχθὲν,
1993 2346 2164 2416 οὕτω
2207 2348 2275 2417 ἐν
2315 2346 2566 2433 μείζονι

368 2469 615 2551 βαθμῷ
673 2462 742 2529 ἐν
798 2467 891 2552 τῷ
952 2459 1230 2550 δράματι
1289 2453 1417 2527 εἶνε
1474 2456 1718 2550 ἀνάγκη
1778 2458 1856 2527 νὰ
1903 2461 2444 2549 προδιδαχθῶσιν
2489 2456 2554 2527 οἱ

370 2574 612 2641 θεαταὶ
669 2571 739 2641 ἓν
790 2570 951 2664 ἀρχῇ
993 2570 1196 2654 εύθυς
1238 2572 1393 2662 περὶ
1437 2575 1736 2656 πολλῶν,
1803 2571 1990 2653 ὅπως
2029 2567 2255 2661 ἀρθῶς
2296 2568 2561 2660 ἀντιλη-

369 2690 605 2774 φθῶσι
632 2683 914 2752 κατόπιν
943 2683 1062 2763 τὰς
1091 2682 1361 2772 πράξεις
1390 2681 1668 2751 ἑκάστου
1712 2681 2079 2773 προσώπου
2124 2679 2262 2772 ἰδίᾳ
2315 2682 2387 2749 δὲ
2428 2689 2561 2750 τῶν

371 2794 1106 2884 πρωταγωνιστούντων.
1154 2807 1173 2876 ζ.
1209 2794 1401 2862 Κατὰ
1460 2802 1665 2861 ταῦτα
1728 2794 2047 2865 κάλλιστα
2114 2795 2287 2882 λέγει
2350 2794 2461 2861 καὶ
2524 2793 2560 2861 ὁ

360 2902 814 2995 Ἀριστοτέλης
856 2905 924 2973 έν
946 2902 1193 2995 Ῥητορ.
1225 2907 1335 2987 111,
1386 2909 1466 2973 14
1512 2904 1918 2994 ((Προοίμιον
1959 2903 2117 2997 ἀρχὴ
2162 2904 2356 2992 λόγου
2394 2903 2560 2995 ὅπερ

370 3018 440 3086 έν
482 3018 746 3111 ποιήσει
788 3018 1127 3107 Πρόλογος
1167 3016 1279 3084 καὶ
1323 3017 1390 3086 έν
1433 3015 1699 3108 αὐλήσει
1741 3017 2130 3109 προαύλιον·
2180 3014 2400 3083 πάντα
2439 3003 2560 3103 γάρ

367 3123 556 3217 ἀρχαὶ
598 3125 777 3196 ταῦτ’
821 3126 988 3197 εἰσὶν
997 3182 1014 3213 ,
1079 3122 1221 3197 οἷον
1263 3125 1654 3219 ὁδοποίησις
1695 3135 1789 3218 τῷ
1833 3125 2137 3196 ἒπιόντι“
2190 3123 2304 3193 καί
2343 3150 2558 3192 κατω-

368 3237 533 3324 τέρω
599 3237 712 3304 ’(τό
781 3234 1291 3325 ἀναγκαιότατον
1357 3237 1541 3326 ἔργον
1605 3243 1725 3306 τοῦ
1797 3234 2151 3324 προοιμίου
2212 3234 2323 3302 καὶ
2386 3230 2560 3304 ἴδιον

367 3353 594 3427 τοῦτο,
643 3349 929 3435 δηλῶσαι
973 3346 1043 3414 τί
1089 3349 1232 3417 ἔστι
1273 3349 1462 3428 τέλος
1505 3340 1583 3416 οὗ
1625 3347 1812 3416 ἕνεκα
1854 3343 1889 3416 ὁ
1936 3345 2159 3435 λόγος,
2203 3344 2437 3435 διόπερ
2479 3342 2558 3413 ι’ὶν

368 3460 562 3547 δῆλον
603 3450 645 3548 ᾗ
687 3454 728 3548 ἢ
753 3457 984 3547 μικρόν
1012 3485 1078 3527 τι
1110 3466 1402 3548 πρᾶγμα,
1445 3458 1522 3528 ού
1547 3462 1860 3549 χρηστέον
1891 3457 2281 3550 προοιμίῳ“.
2364 3457 2555 3530 Ἐπι-

368 3576 572 3656 τυχῶς
613 3571 687 3638 δὲ
728 3569 840 3638 καὶ
882 3568 919 3637 ὅ
962 3572 1225 3637 Ellendt
1268 3573 1379 3656 (de
1408 3574 1658 3659 Prolog.
1703 3580 1865 3660 trag.
1900 3574 2010 3639 Gr.
2063 3575 2170 3661 14)
2214 3568 2554 3639 ἀναπτύσ-

367 3706 499 3750 σων
542 3682 661 3764 τὰς
703 3679 1097 3772 ὁμοιότητας
1136 3686 1253 3771 τῆς
1297 3689 1598 3771 σκηνικῆς
1627 3683 1958 3773 ποιήσεως
1999 3682 2168 3774 πρὸς
2208 3683 2323 3774 τὴν
2365 3692 2555 3775 ῥητο-

365 3793 547 3885 ρικὴν
603 3795 825 3882 τέχνην
885 3793 1058 3880 λέγει
1115 3790 1221 3859 ὅτι
1275 3788 1460 3872 ὅπως
1516 3789 1552 3859 ὁ
1598 3792 1806 3883 ῥήτωρ
1850 3791 1980 3879 ἔχει
2038 3794 2192 3875 τούς
2232 3790 2555 3883 ἀκροατάς

363 3930 480 3972 του
532 3905 701 3975 οὕτω
757 3904 868 3972 καὶ
920 3903 956 3972 ὁ
1016 3904 1412 3994 δραματικὸς
1452 3905 1733 3995 ποιητὴς
1773 3903 1901 3991 &a
1955 3905 2106 3987 τοὺς
2145 3905 2397 3987 θεατάς
2438 3933 2554 3975 του

363 4013 458 4097 εἷς
500 4015 612 4098 οὓς
653 4013 903 4107 ὀφείλει
946 4012 1311 4106 ἀναγκαίως
1350 4015 1429 4083 νά
1470 4014 1848 4108 καταστήσῃ
1892 4013 1981 4098 ὥς
2023 4015 2292 4085 δυνατὸν
2334 4014 2552 4107 εὖνόη-

363 4151 478 4193 τον
518 4125 632 4194 τὸν
677 4132 795 4194 τοῦ
851 4124 1180 4216 δράματος
1222 4133 1404 4209 νοῦν,
1469 4125 1538 4193 ἐν
1598 4116 1652 4215 ᾧ
1697 4123 1806 4194 διά
1846 4150 2022 4207 τινος
2064 4134 2553 4217 προεισαγωγῆς

362 4232 672 4326 ἀναφέρει
710 4237 787 4304 τὸ
831 4237 951 4322 μὲν
995 4235 1078 4303 τὰ
1107 4232 1367 4322 ἀμέσως
1407 4242 1525 4326 τῆς
1548 4233 1945 4318 ὖποθέσεως
1982 4243 2102 4305 τοῦ
2128 4237 2349 4324 μύθου
2379 4263 2549 4326 προ-

363 4349 691 4438 ηγηθέντα
732 4347 809 4416 τὸ
854 4351 928 4417 δὲ
968 4348 1079 4417 καὶ
1123 4350 1335 4419 ἐκεῖνα
1375 4346 1567 4420 ἅτινα
1613 4349 2010 4435 σχετίζονται
2054 4349 2223 4439 πρὸς
2265 4351 2379 4419 τὸν
2423 4355 2544 4435 μῦῑ-
