3117 4759
1582 354 1664 419 14

524 564 664 619 κας.
758 534 946 605 Οὕτω
999 538 1071 605 ἐκ
1125 542 1257 603 τῶν
1305 544 1643 626 Τραγικῶν
1703 533 1762 604 εἰ
1806 538 1894 627 μὴ
1939 544 2204 628 πρῶτος
2245 538 2511 607 πάντων
2553 537 2721 606 ἀλλὰ

524 654 764 738 βέβαια
817 657 947 719 τῶν
1008 648 1162 738 ἡμῖν
1219 656 1520 737 γνωστῶν
1579 647 1615 716 ό
1660 645 2003 733 Αἰσχύλος
2059 650 2563 739 ἑπεξειργάσατο
2606 652 2722 719 τὸν

527 760 726 829 αὐτὸν
766 768 986 848 μῦθον
1032 761 1101 829 ἓν
1141 766 1225 849 τῇ
1265 759 1563 849 τριλογίᾳ
1606 758 1807 828 αὑτοῦ
1849 757 2204 853 Ὀρεστείᾳ,
2257 761 2404 852 ἥτις
2443 759 2721 846 εύτυχῶς

527 875 778 966 πλήρης
829 877 1052 963 μέχρις
1106 871 1290 963 ήμῶν
1344 872 1658 961 διεσώθη.
1743 868 1846 941 Ἐν
1891 879 1981 964 ’τῇ
2020 872 2316 963 τριλογίᾳ
2360 871 2558 963 ταύτῃ
2599 899 2718 957 με-

415 1059 425 1072 ,
526 984 826 1076 τήνεγκεν
870 982 907 1051 ὃ
952 981 1233 1071 ποιητὴς
1273 980 1388 1048 τὸν
1430 981 1671 1064 τόπον,
1738 980 1805 1048 ἐν
1849 972 1903 1069 ᾧ
1945 979 2229 1068 γίγνεται
2271 979 2311 1072 ἦ
2358 979 2717 1070 δραματικὴ

434 1081 441 1088 ³
528 1102 793 1186 πρᾶξις,
858 1092 954 1176 εἰς
1010 1096 1087 1163 τὸ
1112 1091 1352 1184 ’Ἀργος
1409 1095 1477 1161 έν
1529 1088 1584 1183 ᾦ
1639 1093 1824 1181 παρὰ
1865 1096 2195 1182 Σοφοκλεῖ
2246 1093 2720 1161 ἀκολουθοῦντι

527 1215 623 1296 τῷ
658 1204 915 1299 Ὁμήρῳ
968 1203 1318 1275 ὑπόκειται
1375 1202 1416 1296 ή
1474 1204 1673 1296 σκηνὴ
1717 1212 1836 1272 τοῦ
1894 1202 2222 1291 δράματος
2264 1204 2333 1273 ἓν
2377 1203 2723 1297 Μυκήναις

492 1324 595 1398 ,ἐν
640 1307 794 1403 τοῖς
845 1318 1226 1409 ἀνακτόροις
1278 1326 1396 1387 τοῦ
1438 1317 1935 1406 Ἀγαμέμνονος.
2032 1319 2328 1407 Προσέτι
2379 1316 2419 1409 ἦ
2477 1320 2721 1409 τροφὸς

526 1431 911 1518 ὀνομάζεται
955 1427 1113 1520 παρ’
1152 1428 1475 1519 Αἰσχύλῳ
1520 1428 1822 1521 Ῐίλισσα,
1870 1429 1939 1497 ἐν
1983 1421 2037 1517 ᾦ
2082 1427 2118 1497 ὁ
2162 1428 2494 1518 Πίνδαρος
2535 1431 2722 1498 καλεῖ

526 1540 727 1632 αὐτὴν
759 1538 1115 1631 Ἀρσινόην,
1163 1536 1202 1606 δ
1244 1539 1320 1607 δὲ
1349 1538 1743 1629 Στησίχορος
1784 1538 1991 1608 πάλιν
2019 1538 2474 1625 Λαοδάμειαν.
2551 1538 2723 1607 Μεί-

458 1697 469 1726 s
530 1655 712 1736 ζονος
776 1649 1299 1741 σπουδαιότητος
1368 1650 1482 1718 καὶ
1546 1649 1874 1742 σημασίας
1937 1646 2066 1721 εἶνε
2125 1650 2230 1721 ὅτι
2292 1651 2328 1720 ό
2381 1650 2723 1736 Αἰσχύλος

494 1766 903 1860 ,παρέστησε
943 1763 1057 1833 τὸν
1099 1758 1280 1832 οἷκον
1321 1769 1442 1830 τοῦ
1470 1760 1952 1851 Ἀγαμέμνονος
1991 1764 2416 1850 κατεχόμενον
2460 1763 2722 1850 δαίμονι

527 1876 860 1968 α’λάστορι.
932 1877 1120 1967 Πλὴν
1162 1876 1394 1945 τούτου
1439 1875 1722 1966 παράγει
1762 1877 1877 1945 τὸν
1906 1874 2359 1965 ,Ἀγαμέμνονα
2402 1875 2543 1963 ούχί
2584 1876 2719 1947 ὑπὸ

527 1999 646 2061 τοῦ
702 1990 1053 2079 Αἰγίσθου
1105 1989 1535 2079 φονευόμενον
1595 1986 1686 2070 ῶς
1751 1986 1787 2058 ὁ
1828 1987 2111 2081 Ὅμηρος
2169 1998 2355 2060 ποιεῖ
2407 1988 2550 2059 ἄλλ’
2607 1989 2721 2060 ὑπ’

529 2099 728 2192 αὐτῆς
782 2107 899 2191 τῆς
942 2097 1529 2190 Κλυταιμνήστρας
1586 2098 1916 2190 θελούσης
1977 2100 2055 2168 νὰ
2118 2101 2427 2193 ἐκδικήσῃ
2481 2103 2598 2193 τὴν
2654 2104 2722 2171 ἐν

529 2209 786 2280 Αύλῖδι
845 2215 1182 2278 πεσοῦσαν
1220 2205 1616 2298 Ἰφιγένειαν.
1705 2209 1841 2277 Διὰ
1898 2217 2093 2277 τοῦτο
2151 2212 2224 2277 δὲ
2272 2211 2384 2278 καὶ
2427 2212 2496 2279 ἐν
2538 2221 2722 2304 Χοη-

528 2321 762 2412 φόροις
804 2325 992 2389 ποιεῖ
1031 2317 1147 2387 τὸν
1188 2313 1491 2409 Ὀρέστην
1539 2318 1823 2408 τιμωρὸν
1848 2317 1983 2387 τοῦ
2029 2320 2282 2409 πατρὸς
2324 2330 2406 2413 τῇ
2451 2326 2725 2415 διαταγῇ

529 2441 647 2502 τοῦ
680 2430 1103 2513 ’Λπόλλωνος
1145 2430 1259 2500 καί
1301 2430 1659 2520 φονεύοντα
1701 2432 1816 2499 τὸν
1846 2428 2197 2520 Αἴγισθον
2238 2435 2353 2502 καὶ
2397 2435 2515 2525 τὴν
2553 2440 2726 2504 Κλυ-

528 2545 969 2637 ταιμνήστραν
1011 2551 1094 2635 τῇ
1135 2542 1422 2635 βοηθείᾳ
1462 2551 1582 2612 τοῦ
1611 2544 1924 2613 Πυλάδου
1967 2543 2136 2615 άλλὰ
2182 2547 2292 2616 διὰ
2335 2548 2452 2639 τὴν
2494 2576 2730 2641 μητρο-

531 2656 767 2749 φονίαν
820 2656 998 2743 ὅμως
1051 2655 1615 2742 καταδιωκόμενον
1673 2652 1957 2748 άνηλεῶς
2015 2658 2149 2727 ὑπὸ
2202 2666 2334 2727 τῶν
2372 2658 2724 2749 Ἐριννύων.

528 2769 631 2840 Ἐν
674 2773 748 2840 δὲ
789 2777 937 2852 ταῖς
988 2767 1294 2855 Εύμενίσι
1335 2776 1431 2859 τῷ
1472 2767 1674 2859 τρίτῳ
1727 2776 1845 2859 τῆς
1880 2766 2245 2861 Ὀρεστείας
2284 2772 2468 2860 μέρει
2511 2769 2726 2841 ἅπαν-

529 2888 698 2951 τῶσι
739 2880 987 2949 πολλαί
1028 2878 1458 2965 καινοτομίαι,
1506 2879 1678 2949 διότι
1711 2887 1898 2949 ποιεῖ
1932 2879 2179 2951 αύτόθι
2222 2882 2342 2963 τὰς
2369 2881 2730 2970 Εὐμενίδας

530 2988 1062 3071 καταδιωκούσας
1102 2988 1215 3056 τὸν
1258 2987 1667 3078 μητροφόνον
1698 2987 1904 3070 οὕτως
1931 2987 2107 3075 ὅμως
2134 2989 2303 3058 ὥστε
2331 2992 2411 3057 νὰ
2439 2991 2726 3080 φαίνων-

531 3128 643 3171 ται
699 3103 948 3187 μᾶλλον
988 3099 1148 3168 θεαὶ
1191 3096 1478 3184 εύμενεῖς
1519 3100 1633 3167 καὶ
1676 3098 2078 3184 ἔξιλεωτικαί
2119 3099 2554 3190 προστάτριαι
2597 3110 2729 3171 τῶν

520 3208 894 3301 Ἀθηναίων
946 3213 1261 3278 πολιτῶν.
1345 3205 1452 3277 Ἐκ
1503 3207 1707 3293 μόνου
1746 3207 1985 3278 τούτου
2033 3217 2154 3278 τοῦ
2197 3213 2730 3302 παραδείγματος

533 3320 825 3408 ἐξάγεται
856 3320 1201 3412 προδήλως
1242 3318 1346 3389 ὅτι
1389 3319 1426 3388 ὃ
1456 3318 1798 3405 Αἰσχύλος
1825 3319 1901 3390 τὸ
1929 3322 2050 3406 μὲν
2077 3324 2431 3411 μετέβαλεν
2461 3326 2528 3394 ἐν
2559 3333 2728 3399 πολ-

534 3437 677 3514 λοῖς
729 3433 806 3501 τὸ
871 3434 944 3501 δὲ
985 3424 1098 3501 καὶ
1140 3432 1501 3517 ἐπεξέτεινε
1543 3432 1697 3512 τοὺς
1735 3431 1875 3500 ὑπὸ
1933 3440 2063 3500 τῶν
2105 3436 2356 3504 έπικῶν
2399 3440 2510 3507 καὶ
2553 3445 2727 3528 λυρι-

532 3550 664 3611 κῶν
716 3545 1286 3633 παραδεδομένους
1336 3542 1615 3629 μύθους.
1708 3554 1773 3612 Τ
1764 3543 1799 3613 ὁ
1846 3541 2007 3613 αὐτὸ
2061 3544 2268 3631 ἰσχύει
2311 3550 2582 3632 ἐντελῶς
2623 3555 2728 3620 λε-

534 3652 804 3742 γόμενον
869 3655 982 3723 καὶ
1044 3654 1202 3744 περὶ
1274 3662 1394 3723 τοῦ
1455 3658 1884 3747 Σοφοκλέους·
1960 3658 2079 3728 ἐπὶ
2145 3661 2623 3750 παραδείγματι
2690 3664 2727 3732 ὃ

533 3770 754 3850 μῦθος
794 3771 913 3833 τοῦ
962 3764 1399 3856 Φιλοκτήτου,
1447 3759 1520 3834 ὃν
1563 3774 1827 3857 πρῶτος
1866 3772 1986 3855 μέν
2030 3767 2067 3839 ὃ
2109 3772 2409 3862 Λέσχης,
2467 3768 2612 3841 εἶτα
2656 3778 2729 3844 δὲ

534 3874 572 3945 ὃ
616 3874 958 3961 Αἰσχύλος
1002 3877 1113 3945 καὶ
1153 3882 1522 3946 τελευταῖον
1565 3878 1677 3946 καὶ
1719 3877 1756 3946 ὁ
1800 3877 2164 3972 Εὐριπίδης
2206 3883 2731 3978 ἑδραματοποίη-
2767 3968 2772 3974 ,

536 4010 680 4069 σεν,
730 3986 875 4072 ’ἔχει
928 3987 1111 4078 παρὰ
1178 3997 1274 4077 τῷ
1326 3993 1656 4080 Σοφοκλεῖ
1714 3990 1831 4081 τὴν
1892 3989 2066 4060 ἰδίαν
2121 3990 2322 4062 αὑτοῦ
2379 3997 2731 4089 ποιητικὴν

540 4100 886 4185 σφραγῖδα.
977 4096 1176 4167 Διότι
1231 4100 1415 4189 παρὰ
1467 4102 1588 4186 μὲν
1645 4108 1740 4187 τῷ
1781 4104 2016 4194 Λέσχῃ
2072 4104 2441 4175 πλάσσεται
2485 4104 2522 4174 ὁ
2568 4115 2730 4177 Διο-

537 4204 746 4296 μήδης
785 4211 1168 4299 μεταφέρων
1211 4210 1327 4280 τὸν
1375 4211 1782 4303 Φιλοκτήτην
1837 4214 1948 4282 καὶ
1990 4216 2074 4283 τὰ
2119 4214 2297 4285 ὅπλα
2343 4219 2415 4285 ἐκ
2456 4226 2575 4308 τῆς
2614 4219 2728 4311 νή-
