3117 4759
1420 288 1572 409 29⁹

515 533 742 615 Ὅπως
786 531 1010 620 ὀρθῶς
1052 532 1120 601 ἐν
1165 528 1423 612 τούτοις
1464 529 1962 622 κατανοήσωμεν
2005 531 2119 600 τὸν
2161 530 2380 621 λόγον,
2443 531 2553 624 ὕφ’

363 638 439 713 οὗ
482 641 798 733 ἀγόμενος
838 640 874 712 ὁ
919 640 1228 734 ἡμέτερος
1268 642 1573 732 τραγικὸς
1613 642 1987 732 προέθηκεν
2030 642 2097 710 έν
2126 648 2299 712 πᾶσι
2328 643 2556 729 σχεδὸν

360 763 503 839 τοῖς
547 755 870 847 δράμασιν
913 752 1116 824 αὑτοῦ
1158 754 1308 836 τοὺς
1353 754 1420 823 έν
1461 752 1797 843 μονολόγῳ
1843 756 2252 837 διδακτικοὺς
2293 756 2554 846 Προλό-

360 895 529 959 γους,
578 865 658 951 ἃς
699 867 1000 959 ῥίψωμεν
1041 868 1110 935 ἕν
1151 870 1414 953 βλέμμα
1458 865 1577 934 ἐπὶ
1618 865 1732 934 τὸν
1777 864 2026 957 τρόπον
2054 864 2212 936 καθ’
2253 859 2328 936 ὃν
2374 893 2553 938 συνε-

359 983 543 1051 τίθει
601 983 721 1063 τὰς
782 978 1145 1071 τραγῳδίας
1199 1005 1333 1048 του.
1437 979 1540 1047 Ἐν
1598 972 1652 1067 ᾦ
1712 982 1908 1071 δῆλον
1966 977 2068 1048 ὅτι
2118 978 2155 1049 ὁ
2210 977 2553 1065 Αἰσχύλος

362 1091 847 1182 έπεξειργάζετο
905 1092 989 1159 τὰ
1051 1090 1287 1172 ἔθνους
1349 1086 1392 1182 ἢ
1452 1092 1674 1179 γένους
1732 1093 1912 1173 τινὸς
1969 1089 2421 1182 δυστυχήματα
2485 1092 2553 1161 ἐν

360 1204 538 1294 τρισὶ
593 1203 839 1289 μύθοις
897 1199 1029 1270 εἴτε
1072 1201 1140 1269 ἕν
1194 1207 1319 1293 μιᾷ
1360 1200 1685 1293 τριλογίᾳ,
1756 1193 1846 1268 ὧν
1891 1199 2235 1291 δραμάτων
2278 1202 2552 1272 ἕκαστον

359 1314 667 1386 άπετέλει
709 1314 867 1401 μίαν
911 1312 1064 1404 ὅλην
1104 1312 1484 1403 τραγῳδίαν,
1531 1315 1645 1382 καὶ
1688 1314 1757 1382 έν
1800 1306 1853 1403 ᾧ
1896 1311 1932 1383 ὃ
1962 1318 2320 1407 Σοφοκλῆς,
2366 1296 2553 1398 ὅστις

360 1434 651 1518 πρῶτος,
707 1424 864 1494 ὅσον
907 1422 1304 1512 γινώσκομεν
1319 1477 1335 1508 ,
1395 1423 1695 1511 ἀπέβαλε
1735 1426 1850 1493 τὸν
1892 1427 2258 1515 τριλογικὸν
2300 1427 2552 1513 τρόπον

360 1548 478 1631 τῆς
522 1540 923 1622 συνθέσεως,
989 1537 1265 1626 ἐκλέγων
1307 1536 1419 1605 ἕνα
1473 1536 1675 1623 μόνον
1728 1544 1953 1623 μῦθον
1994 1534 2037 1629 ἤ
2077 1534 2147 1606 ἓν
2187 1538 2552 1628 πρόσωπον

361 1649 579 1736 ἔξοχον
622 1648 954 1735 διεκόσμει
997 1644 1158 1717 αὐτὸ
1201 1647 1408 1729 οὕτως
1451 1646 1620 1716 ὥστε
1659 1646 1721 1716 οἱ
1754 1648 1993 1717 θεαταὶ
2023 1648 2102 1716 νὰ
2133 1649 2553 1736 έμβλέπωσιν

359 1763 430 1831 έν
468 1768 612 1843 τοῖς
655 1759 975 1850 δράμασιν
1018 1755 1218 1830 αὐτοῦ
1256 1759 1373 1849 τὴν
1401 1756 1621 1826 εἰκόνα
1662 1765 1780 1849 τῆς
1825 1749 1999 1839 ἰδίας
2030 1755 2244 1826 αὖτῶν
2271 1759 2548 1850 φύσεως,

302 1855 335 1918 s
357 1872 394 1942 ὅ
439 1870 804 1963 Εὐριπίδης
845 1866 965 1938 ἀπ’
1007 1868 1302 1951 ἐναντίας
1331 1869 1582 1960 ἐτράπη
1627 1865 1827 1959 ἷὶλλην
1867 1866 2021 1938 δδὸν
2066 1868 2222 1956 περὶ
2263 1870 2382 1960 τὴν
2422 1876 2553 1938 τῶν

290 1965 297 1976 ’
359 1980 705 2073 δραμάτων
756 1979 1096 2063 σύνθεσιν,
1160 1986 1448 2069 συνῆπτε
1509 1981 1706 2069 δῆλον
1762 1975 1867 2046 ὅτι
1911 1976 2024 2045 καὶ
2069 1976 2551 2065 συμπεριελάμ-

355 2102 548 2182 βανεν
606 2094 674 2162 ἕν
728 2091 825 2161 ἑνὶ
882 2090 1163 2182 δράματι
1221 2089 1546 2171 πολλάκις
1590 2089 1900 2171 πλείονας
1950 2097 2068 2159 τοῦ
2108 2087 2252 2171 ἑνὸς
2295 2089 2553 2175 μύθους

357 2203 566 2277 ἐνίοτε
620 2208 691 2276 δὲ
744 2205 855 2273 καὶ
911 2203 1302 2296 ὁλοκλήρους
1355 2209 1476 2272 τοῦ
1517 2200 1866 2288 Αἰσχύλου
1919 2199 2250 2292 τριλογίας
2305 2199 2550 2291 ὑπῆγεν

357 2317 453 2403 εἷς
493 2320 607 2388 τὸν
652 2318 892 2404 δεσμὸν
935 2313 1079 2397 ἑνὸς
1121 2314 1232 2384 καὶ
1274 2314 1477 2401 μόνου
1521 2311 1850 2402 δράματος
1884 2309 2023 2397 οὖχί
2055 2309 2352 2393 σπανίως
2380 2336 2552 2398 παρ-

359 2434 645 2513 εντιθεὶς
686 2431 798 2500 καὶ
841 2425 1008 2498 &Ma
1051 2422 1247 2521 ἧττον
1297 2424 1617 2515 άναγκαῖα
1668 2430 1789 2493 τοῦ
1832 2422 2056 2511 μύθου
2100 2422 2552 2512 περιστατικά.

358 2547 496 2616 Διὰ
538 2545 654 2636 τὴν
698 2541 1001 2634 τοιαύτην
1045 2545 1116 2611 δὲ
1161 2542 1315 2632 περὶ
1360 2540 1476 2631 τὴν
1522 2537 1837 2607 σύνθεσιν
1882 2529 1999 2604 τοῦ
2043 2533 2369 2623 δράματος
2410 2561 2552 2603 και-

356 2657 705 2748 νοποίησιν
745 2654 982 2747 ἥρμοζε
1024 2654 1172 2723 λίαν
1212 2654 1324 2722 καὶ
1365 2652 1444 2721 τὸ
1487 2653 1633 2721 νέον
1687 2650 1870 2737 γένος
1911 2655 2040 2717 τῶν
2082 2648 2438 2737 Προλόγων
2481 2648 2550 2715 έν

359 2761 462 2848 οἷς
520 2763 962 2855 προητοίμαζε
1013 2763 1164 2845 τοὺς
1219 2763 1470 2844 θεατὰς
1525 2761 1637 2832 διὰ
1694 2758 2013 2845 συντόμου
2068 2756 2420 2851 διηγήσεως
2475 2758 2552 2827 τὸ

359 2878 481 2962 μὲν
523 2880 655 2941 τῶν
696 2880 813 2963 τῆς
857 2870 1152 2961 πράξεως
1194 2870 1393 2962 αὐτῆς
1436 2872 1945 2962 προηγηθέντων
1986 2870 2063 2938 τὸ
2109 2873 2183 2938 δέ
2223 2876 2356 2937 τῶν
2395 2871 2550 2954 μελ-

363 2982 605 3053 λόντων
660 2983 741 3050 νά
796 2988 1133 3068 συμβῶσιν
1192 2981 1258 3050 ἐν
1315 2976 1480 3070 αὐτῇ
1539 2977 1673 3050 εἴτε
1713 2980 1823 3048 καὶ
1866 2979 2007 3066 μετ’
2051 2977 2251 3071 αὐτὴν
2295 2975 2390 3060 εἶς
2431 2978 2549 3069 τὴν

362 3092 583 3183 ἐντελῆ
636 3088 1024 3181 κατανόησιν
1079 3097 1198 3158 τοῦ
1255 3086 1409 3159 ὅλου
1467 3090 1536 3158 έν
1592 3097 1675 3180 τῇ
1743 3087 2035 3180 συνεχείᾳ
2091 3086 2293 3180 ταύτῃ
2351 3086 2552 3174 μόνον

360 3204 611 3271 τελείου
652 3204 1014 3287 νοουμένου.
1101 3200 1285 3290 Πρὸς
1327 3197 1670 3285 ἀπόδειξιν
1711 3207 1829 3291 τῆς
1855 3199 2161 3291 τοιαύτης
2204 3197 2385 3290 ἡμῶν
2430 3201 2551 3268 θέ-

362 3337 527 3393 σεως
581 3310 940 3397 α’ναλύομεν
994 3312 1267 3381 ἕκαστον
1327 3315 1541 3403 δρᾶμα
1601 3312 1669 3380 ἐν
1712 3318 1806 3401 τῷ
1851 3312 2124 3400 δευτέρῳ
2167 3307 2551 3401 Κεφαλαίῳ,

358 3425 454 3508 εἰς
497 3419 534 3493 ὃ
576 3424 687 3492 καὶ
730 3426 1286 3513 παραπέμπομεν.

525 3531 633 3604 Ἐκ
675 3540 794 3625 τῆς
835 3533 904 3600 έν
944 3539 1039 3622 τῷ
1083 3535 1357 3622 δευτέρῳ
1398 3532 1760 3624 Κεφαλαίῳ
1813 3531 2183 3613 ἀναλύσεως
2225 3530 2548 3601 δείκνυται

361 3655 591 3739 σαφῶς
629 3645 670 3737 ἡ
718 3643 1038 3733 ἶδιαιτέρα
1079 3646 1264 3735 τέχνη
1307 3651 1426 3712 τοῦ
1466 3643 1830 3736 Εὐριπίδου
1874 3644 2029 3733 περὶ
2071 3644 2188 3734 τὴν
2233 3647 2549 3734 δραματι-

359 3762 475 3852 κὴν
519 3759 862 3841 σύνθεσιν,
907 3753 1065 3825 καθ’
1107 3749 1184 3847 ἢν
1228 3758 1422 3847 δῆλον
1465 3755 1572 3825 ὅτι
1616 3757 1684 3825 ἐν
1725 3754 1821 3825 ἑνὶ
1867 3754 2147 3845 δράματι
2189 3755 2548 3846 περιελάμ-

359 3881 516 3960 βανε
558 3873 675 3964 τὴν
713 3869 1050 3940 ὑπόθεσιν
1092 3866 1446 3960 ὁλοκλήρου
1487 3866 1819 3957 τριλογίας
1859 3866 1969 3935 καὶ
2015 3865 2091 3957 δὴ
2136 3864 2339 3947 οὕτως
2382 3865 2551 3936 ὥστε

359 3983 428 4050 έν
468 3984 588 4068 μὲν
630 3989 724 4071 τῷ
768 3979 1088 4072 Προλόγῳ
1131 3974 1308 4069 αύτῷ
1353 3978 1639 4064 ἔξετίθει
1681 3976 1718 4044 ὁ
1765 3977 2190 4068 ποιητὴςπὴν
2218 3974 2550 4046 ὑπόθεσιν

357 4101 477 4163 τοῦ
519 4091 786 4184 πρώτου
830 4093 1158 4184 δράματος
1199 4086 1242 4181 ἢ
1285 4090 1492 4160 ἐνίοτε
1535 4089 1648 4158 καὶ
1689 4096 1807 4157 τοῦ
1850 4089 2180 4179 δευτέρου,
2229 4089 2298 4156 έν
2342 4088 2414 4156 δὲ
2455 4094 2550 4177 τῷ

357 4206 558 4295 κυρίῳ
600 4206 877 4295 δράματι
932 4198 1051 4297 ἦτο
1093 4203 1131 4296 ἡ
1186 4201 1524 4283 ὑπόθεσις
1567 4209 1687 4270 τοῦ
1745 4203 2043 4290 δευτέρου
2087 4196 2128 4290 ἢ
2173 4199 2395 4287 τρίτου
2434 4206 2551 4290 τῆς

360 4313 764 4401 Αἶσχυλείου
821 4314 1149 4403 τριλογίας
1206 4316 1433 4401 (πρβλ.
1489 4314 1600 4379 καὶ
1641 4314 1954 4381 Dziatzko
2012 4310 2081 4375 έν
2124 4316 2204 4397 τῇ
2248 4311 2549 4394 διατριβῇ
