<?xml version="1.0" encoding="UTF-8"?>
<!DOCTYPE html PUBLIC "-//W3C//DTD XHTML 1.0 Transitional//EN"
    "http://www.w3.org/TR/xhtml1/DTD/xhtml1-transitional.dtd">
<html xmlns="http://www.w3.org/1999/xhtml" xml:lang="en" lang="en">
 <head>
  <title>
</title>
<meta http-equiv="Content-Type" content="text/html;charset=utf-8" />
  <meta name='ocr-system' content='tesseract 3.04.00' />
  <meta name='ocr-capabilities' content='ocr_page ocr_carea ocr_par ocr_line ocrx_word'/>
</head>
<body>
  <div class='ocr_page' id='page_1' title='image "./deprologiseurip00asprgoog_0029.png"; bbox 0 0 3117 4759; ppageno 0'>
   <div class='ocr_carea' id='block_1_1' title="bbox 1416 394 1502 459">
    <p class='ocr_par' dir='ltr' id='par_1_1' title="bbox 1416 394 1502 459">
     <span class='ocr_line' id='line_1_1' title="bbox 1416 394 1502 459; baseline 0 0"><span class='ocrx_word' id='word_1_1' title='bbox 1416 394 1502 459; x_wconf 84' lang='lat'><strong><em>25</em></strong></span> 
     </span>
    </p>
   </div>
   <div class='ocr_carea' id='block_1_2' title="bbox 328 576 2654 4459">
    <p class='ocr_par' dir='ltr' id='par_1_2' title="bbox 328 576 2654 4459">
     <span class='ocr_line' id='line_1_2' title="bbox 363 576 2556 672; baseline 0.001 -23"><span class='ocrx_word' id='word_1_2' title='bbox 363 577 801 668; x_wconf 74' lang='grc' dir='ltr'><strong><em>Εὐριπιδείων</em></strong></span> <span class='ocrx_word' id='word_1_3' title='bbox 856 578 1213 669; x_wconf 88' lang='grc' dir='ltr'><strong><em>Προλόγων</em></strong></span> <span class='ocrx_word' id='word_1_4' title='bbox 1268 581 1591 672; x_wconf 78' lang='grc' dir='ltr'><strong><em>χαρακτὴρ</em></strong></span> <span class='ocrx_word' id='word_1_5' title='bbox 1661 576 1790 650; x_wconf 86' lang='grc' dir='ltr'><strong><em>εἶνε</em></strong></span> <span class='ocrx_word' id='word_1_6' title='bbox 1863 578 1971 650; x_wconf 77' lang='grc' dir='ltr'><strong><em>ὅτι</em></strong></span> <span class='ocrx_word' id='word_1_7' title='bbox 2041 579 2556 667; x_wconf 76' lang='grc' dir='ltr'><strong><em>ἀποτελούμενοι</em></strong></span> 
     </span>
     <span class='ocr_line' id='line_1_3' title="bbox 366 688 2554 783; baseline 0.001 -25"><span class='ocrx_word' id='word_1_8' title='bbox 366 697 700 776; x_wconf 79' lang='grc' dir='ltr'><strong><em>πανταχοῦ</em></strong></span> <span class='ocrx_word' id='word_1_9' title='bbox 755 688 982 774; x_wconf 86' lang='grc' dir='ltr'><strong><em>σχεδὸν</em></strong></span> <span class='ocrx_word' id='word_1_10' title='bbox 1036 690 1109 759; x_wconf 77' lang='grc' dir='ltr'><strong><em>ἐκ</em></strong></span> <span class='ocrx_word' id='word_1_11' title='bbox 1151 689 1271 759; x_wconf 91' lang='grc' dir='ltr'><strong><em>δυό</em></strong></span> <span class='ocrx_word' id='word_1_12' title='bbox 1314 689 1520 772; x_wconf 71' lang='grc' dir='ltr'><strong><em>οὕτως</em></strong></span> <span class='ocrx_word' id='word_1_13' title='bbox 1572 688 1788 760; x_wconf 78' lang='grc' dir='ltr'><strong><em>εἰπεῖν</em></strong></span> <span class='ocrx_word' id='word_1_14' title='bbox 1832 698 2082 781; x_wconf 80' lang='grc' dir='ltr'><strong><em>σκηνῶν</em></strong></span> <span class='ocrx_word' id='word_1_15' title='bbox 2123 689 2267 772; x_wconf 76' lang='grc' dir='ltr'><strong><em>ἑνὸς</em></strong></span> <span class='ocrx_word' id='word_1_16' title='bbox 2311 692 2554 783; x_wconf 82' lang='grc' dir='ltr'><strong><em>δηλαδὴ</em></strong></span> 
     </span>
     <span class='ocr_line' id='line_1_4' title="bbox 358 800 2556 895; baseline 0.002 -24"><span class='ocrx_word' id='word_1_17' title='bbox 358 801 718 891; x_wconf 86' lang='grc' dir='ltr'><strong><em>μονολόγου</em></strong></span> <span class='ocrx_word' id='word_1_18' title='bbox 763 805 1227 894; x_wconf 78' lang='grc' dir='ltr'><strong><em>διηγηματικοῦ</em></strong></span> <span class='ocrx_word' id='word_1_19' title='bbox 1266 803 1380 872; x_wconf 82' lang='grc' dir='ltr'><strong><em>καὶ</em></strong></span> <span class='ocrx_word' id='word_1_20' title='bbox 1423 810 1540 894; x_wconf 88' lang='grc' dir='ltr'><strong><em>τῆς</em></strong></span> <span class='ocrx_word' id='word_1_21' title='bbox 1582 802 1815 894; x_wconf 83' lang='grc' dir='ltr'><strong><em>κυρίως</em></strong></span> <span class='ocrx_word' id='word_1_22' title='bbox 1843 800 2147 894; x_wconf 77' lang='grc' dir='ltr'><strong><em>εἰσβολῆς</em></strong></span> <span class='ocrx_word' id='word_1_23' title='bbox 2189 801 2333 895; x_wconf 80' lang='grc' dir='ltr'><strong><em>ἥτις</em></strong></span> <span class='ocrx_word' id='word_1_24' title='bbox 2368 808 2556 895; x_wconf 82' lang='grc' dir='ltr'><strong><em>μέχρι</em></strong></span> 
     </span>
     <span class='ocr_line' id='line_1_5' title="bbox 360 908 2612 1005; baseline 0.002 -25"><span class='ocrx_word' id='word_1_25' title='bbox 360 921 477 1004; x_wconf 85' lang='grc' dir='ltr'><strong><em>τῆς</em></strong></span> <span class='ocrx_word' id='word_1_26' title='bbox 517 911 814 1001; x_wconf 79' lang='grc' dir='ltr'><strong><em>παρόδου</em></strong></span> <span class='ocrx_word' id='word_1_27' title='bbox 857 911 1209 982; x_wconf 76' lang='grc' dir='ltr'><strong><em>ἐκτείνεται</em></strong></span> <span class='ocrx_word' id='word_1_28' title='bbox 1267 915 1376 982; x_wconf 82' lang='grc' dir='ltr'><strong><em>δὲν</em></strong></span> <span class='ocrx_word' id='word_1_29' title='bbox 1416 908 1547 982; x_wconf 86' lang='grc' dir='ltr'><strong><em>εἶνε</em></strong></span> <span class='ocrx_word' id='word_1_30' title='bbox 1591 922 1831 995; x_wconf 81' lang='grc' dir='ltr'><strong><em>στενῶς</em></strong></span> <span class='ocrx_word' id='word_1_31' title='bbox 1868 914 2035 1000; x_wconf 83' lang='grc' dir='ltr'><strong><em>μετὰ</em></strong></span> <span class='ocrx_word' id='word_1_32' title='bbox 2075 921 2191 1005; x_wconf 83' lang='grc' dir='ltr'><strong><em>τῆς</em></strong></span> <span class='ocrx_word' id='word_1_33' title='bbox 2235 922 2354 984; x_wconf 84' lang='grc' dir='ltr'><strong><em>τοῦ</em></strong></span> <span class='ocrx_word' id='word_1_34' title='bbox 2396 914 2553 1005; x_wconf 88' lang='grc' dir='ltr'><strong><em>δρά-</em></strong></span> <span class='ocrx_word' id='word_1_35' title='bbox 2607 977 2612 990; x_wconf 74' lang='grc'><strong><em>,</em></strong></span> 
     </span>
     <span class='ocr_line' id='line_1_6' title="bbox 360 1021 2554 1120; baseline 0.001 -26"><span class='ocrx_word' id='word_1_36' title='bbox 360 1052 569 1112; x_wconf 80' lang='grc' dir='ltr'><strong><em>ματος</em></strong></span> <span class='ocrx_word' id='word_1_37' title='bbox 621 1024 916 1113; x_wconf 85' lang='grc' dir='ltr'><strong><em>πράξεως</em></strong></span> <span class='ocrx_word' id='word_1_38' title='bbox 969 1026 1443 1111; x_wconf 79' lang='grc' dir='ltr'><strong><em>συνδεδεμένοι,</em></strong></span> <span class='ocrx_word' id='word_1_39' title='bbox 1511 1021 1680 1094; x_wconf 79' lang='grc' dir='ltr'><strong><em>α’λλὰ</em></strong></span> <span class='ocrx_word' id='word_1_40' title='bbox 1737 1026 1909 1094; x_wconf 75' lang='grc' dir='ltr'><strong><em>πολὺ</em></strong></span> <span class='ocrx_word' id='word_1_41' title='bbox 1975 1029 2227 1112; x_wconf 76' lang='grc' dir='ltr'><strong><em>μᾶλλον</em></strong></span> <span class='ocrx_word' id='word_1_42' title='bbox 2286 1024 2427 1120; x_wconf 77' lang='grc' dir='ltr'><strong><em>ἰδίᾳ</em></strong></span> <span class='ocrx_word' id='word_1_43' title='bbox 2481 1029 2554 1098; x_wconf 74' lang='grc' dir='ltr'><strong><em>δὲ</em></strong></span> 
     </span>
     <span class='ocr_line' id='line_1_7' title="bbox 361 1131 2551 1225; baseline 0.001 -21"><span class='ocrx_word' id='word_1_44' title='bbox 361 1136 535 1216; x_wconf 81' lang='grc' dir='ltr'><strong><em>τινὲς</em></strong></span> <span class='ocrx_word' id='word_1_45' title='bbox 587 1132 799 1204; x_wconf 72' lang='grc' dir='ltr'><strong><em>αὐτῶν</em></strong></span> <span class='ocrx_word' id='word_1_46' title='bbox 856 1133 1074 1219; x_wconf 64' lang='grc' dir='ltr'><strong><em>ἐὸιουσι</em></strong></span> <span class='ocrx_word' id='word_1_47' title='bbox 1142 1134 1357 1225; x_wconf 89' lang='grc' dir='ltr'><strong><em>πλήρη</em></strong></span> <span class='ocrx_word' id='word_1_48' title='bbox 1413 1131 1876 1225; x_wconf 80' lang='grc' dir='ltr'><strong><em>α’νεξαρτησίαν</em></strong></span> <span class='ocrx_word' id='word_1_49' title='bbox 1930 1132 2071 1204; x_wconf 79' lang='grc' dir='ltr'><strong><em>α’πὸ</em></strong></span> <span class='ocrx_word' id='word_1_50' title='bbox 2129 1144 2247 1205; x_wconf 85' lang='grc' dir='ltr'><strong><em>τοῦ</em></strong></span> <span class='ocrx_word' id='word_1_51' title='bbox 2306 1141 2551 1206; x_wconf 82' lang='grc' dir='ltr'><strong><em>λοιποῦ</em></strong></span> 
     </span>
     <span class='ocr_line' id='line_1_8' title="bbox 363 1241 2556 1339; baseline -0 -22"><span class='ocrx_word' id='word_1_52' title='bbox 363 1245 705 1339; x_wconf 76' lang='grc' dir='ltr'><strong><em>δράματος.</em></strong></span> <span class='ocrx_word' id='word_1_53' title='bbox 758 1297 762 1306; x_wconf 79' lang='lat'><em>·</em></span> <span class='ocrx_word' id='word_1_54' title='bbox 795 1245 932 1316; x_wconf 84' lang='grc' dir='ltr'><strong><em>Διά</em></strong></span> <span class='ocrx_word' id='word_1_55' title='bbox 973 1252 1167 1315; x_wconf 79' lang='grc' dir='ltr'><strong><em>τοῦτο</em></strong></span> <span class='ocrx_word' id='word_1_56' title='bbox 1211 1246 1285 1314; x_wconf 80' lang='grc' dir='ltr'><strong><em>δὲ</em></strong></span> <span class='ocrx_word' id='word_1_57' title='bbox 1319 1241 1601 1334; x_wconf 77' lang='grc' dir='ltr'><strong><em>εὗλόγως</em></strong></span> <span class='ocrx_word' id='word_1_58' title='bbox 1641 1242 1952 1335; x_wconf 85' lang='grc' dir='ltr'><strong><em>διακρίνει</em></strong></span> <span class='ocrx_word' id='word_1_59' title='bbox 1993 1247 2106 1314; x_wconf 81' lang='grc' dir='ltr'><strong><em>καὶ</em></strong></span> <span class='ocrx_word' id='word_1_60' title='bbox 2142 1244 2178 1316; x_wconf 85' lang='grc' dir='ltr'>ὁ</span> <span class='ocrx_word' id='word_1_61' title='bbox 2209 1250 2371 1318; x_wconf 81' lang='lat' dir='ltr'>Voss</span> <span class='ocrx_word' id='word_1_62' title='bbox 2414 1245 2556 1331; x_wconf 82' lang='grc' dir='ltr'><strong><em>(αὖ-</em></strong></span> 
     </span>
     <span class='ocr_line' id='line_1_9' title="bbox 360 1350 2554 1448; baseline -0.002 -18"><span class='ocrx_word' id='word_1_63' title='bbox 360 1361 550 1448; x_wconf 90' lang='grc' dir='ltr'><strong><em>τόθι)</em></strong></span> <span class='ocrx_word' id='word_1_64' title='bbox 608 1358 903 1429; x_wconf 76' lang='grc' dir='ltr'><strong><em>καθόλου</em></strong></span> <span class='ocrx_word' id='word_1_65' title='bbox 961 1358 1078 1427; x_wconf 82' lang='grc' dir='ltr'><strong><em>δύο</em></strong></span> <span class='ocrx_word' id='word_1_66' title='bbox 1138 1360 1285 1447; x_wconf 82' lang='grc' dir='ltr'><strong><em>γένη</em></strong></span> <span class='ocrx_word' id='word_1_67' title='bbox 1307 1388 1329 1426; x_wconf 91' lang='grc'><strong><em>.·</em></strong></span> <span class='ocrx_word' id='word_1_68' title='bbox 1403 1361 1510 1444; x_wconf 87' lang='grc' dir='ltr'><strong><em>Α)</em></strong></span> <span class='ocrx_word' id='word_1_69' title='bbox 1555 1356 1712 1438; x_wconf 78' lang='grc' dir='ltr'><strong><em>τοὺς</em></strong></span> <span class='ocrx_word' id='word_1_70' title='bbox 1755 1356 2162 1446; x_wconf 89' lang='grc' dir='ltr'><strong><em>Προλόγους,</em></strong></span> <span class='ocrx_word' id='word_1_71' title='bbox 2223 1358 2292 1427; x_wconf 80' lang='grc' dir='ltr'><strong><em>ἐν</em></strong></span> <span class='ocrx_word' id='word_1_72' title='bbox 2335 1350 2437 1439; x_wconf 87' lang='grc' dir='ltr'><strong><em>οἷς</em></strong></span> <span class='ocrx_word' id='word_1_73' title='bbox 2477 1356 2554 1426; x_wconf 87' lang='grc' dir='ltr'><strong><em>τὸ</em></strong></span> 
     </span>
     <span class='ocr_line' id='line_1_10' title="bbox 362 1461 2554 1562; baseline -0.002 -20"><span class='ocrx_word' id='word_1_74' title='bbox 362 1472 753 1562; x_wconf 89' lang='grc' dir='ltr'><strong><em>πρόσωπον,</em></strong></span> <span class='ocrx_word' id='word_1_75' title='bbox 814 1469 979 1560; x_wconf 82' lang='grc' dir='ltr'><strong><em>ὅπερ</em></strong></span> <span class='ocrx_word' id='word_1_76' title='bbox 1025 1466 1423 1556; x_wconf 74' lang='grc' dir='ltr'><strong><em>ἀπαγγέλλει</em></strong></span> <span class='ocrx_word' id='word_1_77' title='bbox 1466 1467 1584 1535; x_wconf 85' lang='grc' dir='ltr'><strong><em>τὸν</em></strong></span> <span class='ocrx_word' id='word_1_78' title='bbox 1626 1465 1995 1556; x_wconf 90' lang='grc' dir='ltr'><strong><em>Πρόλογον,</em></strong></span> <span class='ocrx_word' id='word_1_79' title='bbox 2063 1461 2194 1536; x_wconf 85' lang='grc' dir='ltr'><strong><em>εἶνε</em></strong></span> <span class='ocrx_word' id='word_1_80' title='bbox 2248 1467 2411 1550; x_wconf 89' lang='grc' dir='ltr'><strong><em>θεός</em></strong></span> <span class='ocrx_word' id='word_1_81' title='bbox 2449 1495 2554 1550; x_wconf 90' lang='grc' dir='ltr'><strong><em>τις</em></strong></span> 
     </span>
     <span class='ocr_line' id='line_1_11' title="bbox 364 1569 2556 1671; baseline -0.002 -22"><span class='ocrx_word' id='word_1_82' title='bbox 364 1579 404 1671; x_wconf 83' lang='grc' dir='ltr'><em>ἤ</em></span> <span class='ocrx_word' id='word_1_83' title='bbox 447 1578 697 1665; x_wconf 91' lang='grc' dir='ltr'><strong><em>δαίμων</em></strong></span> <span class='ocrx_word' id='word_1_84' title='bbox 737 1578 850 1647; x_wconf 81' lang='grc' dir='ltr'><strong><em>καὶ</em></strong></span> <span class='ocrx_word' id='word_1_85' title='bbox 892 1585 979 1662; x_wconf 92' lang='grc' dir='ltr'><strong><em>Β)</em></strong></span> <span class='ocrx_word' id='word_1_86' title='bbox 1025 1574 1322 1661; x_wconf 78' lang='grc' dir='ltr'><strong><em>ἐκείνους,</em></strong></span> <span class='ocrx_word' id='word_1_87' title='bbox 1370 1576 1439 1645; x_wconf 82' lang='grc' dir='ltr'><strong><em>έν</em></strong></span> <span class='ocrx_word' id='word_1_88' title='bbox 1480 1569 1584 1657; x_wconf 87' lang='grc' dir='ltr'><strong><em>οἷς</em></strong></span> <span class='ocrx_word' id='word_1_89' title='bbox 1626 1573 1663 1643; x_wconf 86' lang='lat' dir='ltr'><strong><em>o‘</em></strong></span> <span class='ocrx_word' id='word_1_90' title='bbox 1699 1575 2102 1665; x_wconf 85' lang='grc' dir='ltr'><strong><em>προλογίζων</em></strong></span> <span class='ocrx_word' id='word_1_91' title='bbox 2143 1572 2272 1645; x_wconf 84' lang='grc' dir='ltr'><strong><em>εἶνε</em></strong></span> <span class='ocrx_word' id='word_1_92' title='bbox 2313 1574 2385 1647; x_wconf 71' lang='grc' dir='ltr'><strong><em>ἓν</em></strong></span> <span class='ocrx_word' id='word_1_93' title='bbox 2424 1585 2556 1647; x_wconf 86' lang='grc' dir='ltr'><strong><em>τῶν</em></strong></span> 
     </span>
     <span class='ocr_line' id='line_1_12' title="bbox 363 1683 2552 1782; baseline -0.001 -21"><span class='ocrx_word' id='word_1_94' title='bbox 363 1689 658 1782; x_wconf 83' lang='grc' dir='ltr'><strong><em>δρώντων</em></strong></span> <span class='ocrx_word' id='word_1_95' title='bbox 697 1687 1079 1781; x_wconf 82' lang='grc' dir='ltr'><strong><em>προσώπων</em></strong></span> <span class='ocrx_word' id='word_1_96' title='bbox 1097 1714 1112 1730; x_wconf 91' lang='grc'><em>·</em></span> <span class='ocrx_word' id='word_1_97' title='bbox 1173 1688 1287 1757; x_wconf 86' lang='grc' dir='ltr'><strong><em>δύο</em></strong></span> <span class='ocrx_word' id='word_1_98' title='bbox 1330 1689 1479 1779; x_wconf 88' lang='grc' dir='ltr'><strong><em>γένη</em></strong></span> <span class='ocrx_word' id='word_1_99' title='bbox 1523 1684 1860 1768; x_wconf 79' lang='grc' dir='ltr'><strong><em>οὕσιωδῶς</em></strong></span> <span class='ocrx_word' id='word_1_100' title='bbox 1899 1683 2021 1755; x_wconf 75' lang='grc' dir='ltr'><strong><em>ἄπ’</em></strong></span> <span class='ocrx_word' id='word_1_101' title='bbox 2064 1686 2360 1778; x_wconf 76' lang='grc' dir='ltr'><strong><em>ἀλλήλων</em></strong></span> <span class='ocrx_word' id='word_1_102' title='bbox 2402 1688 2552 1758; x_wconf 89' lang='grc' dir='ltr'><strong><em>διά-</em></strong></span> 
     </span>
     <span class='ocr_line' id='line_1_13' title="bbox 361 1796 2555 1893; baseline -0.003 -20"><span class='ocrx_word' id='word_1_103' title='bbox 361 1830 536 1893; x_wconf 89' lang='grc' dir='ltr'><strong><em>φορα</em></strong></span> <span class='ocrx_word' id='word_1_104' title='bbox 550 1856 567 1888; x_wconf 93' lang='grc'><strong><em>,</em></strong></span> <span class='ocrx_word' id='word_1_105' title='bbox 634 1801 933 1871; x_wconf 87' lang='grc' dir='ltr'><strong><em>καθόσον</em></strong></span> <span class='ocrx_word' id='word_1_106' title='bbox 989 1802 1058 1870; x_wconf 77' lang='grc' dir='ltr'><strong><em>ἐν</em></strong></span> <span class='ocrx_word' id='word_1_107' title='bbox 1110 1809 1192 1892; x_wconf 86' lang='grc' dir='ltr'><strong><em>τῇ</em></strong></span> <span class='ocrx_word' id='word_1_108' title='bbox 1251 1799 1480 1891; x_wconf 79' lang='grc' dir='ltr'><strong><em>πρώτῃ</em></strong></span> <span class='ocrx_word' id='word_1_109' title='bbox 1537 1796 1949 1888; x_wconf 86' lang='grc' dir='ltr'><strong><em>περιπτώσει</em></strong></span> <span class='ocrx_word' id='word_1_110' title='bbox 2003 1797 2445 1886; x_wconf 81' lang='grc' dir='ltr'><strong><em>λαμβάνουσιν</em></strong></span> <span class='ocrx_word' id='word_1_111' title='bbox 2488 1797 2555 1867; x_wconf 80' lang='grc' dir='ltr'><strong><em>οἱ</em></strong></span> 
     </span>
     <span class='ocr_line' id='line_1_14' title="bbox 328 1897 2549 2004; baseline -0.004 -20"><span class='ocrx_word' id='word_1_112' title='bbox 328 1897 693 2003; x_wconf 24' lang='grc' dir='ltr'><strong><em>»Πρόλογοι</em></strong></span> <span class='ocrx_word' id='word_1_113' title='bbox 735 1911 1017 2004; x_wconf 79' lang='grc' dir='ltr'><strong><em>οὖσιώδη</em></strong></span> <span class='ocrx_word' id='word_1_114' title='bbox 1059 1909 1547 2002; x_wconf 81' lang='grc' dir='ltr'><strong><em>άνεξαρτησίαν,</em></strong></span> <span class='ocrx_word' id='word_1_115' title='bbox 1604 1907 1780 1979; x_wconf 89' lang='grc' dir='ltr'><strong><em>διότι</em></strong></span> <span class='ocrx_word' id='word_1_116' title='bbox 1821 1906 1887 1977; x_wconf 79' lang='grc' dir='ltr'><strong><em>οἱ</em></strong></span> <span class='ocrx_word' id='word_1_117' title='bbox 1928 1908 2087 1978; x_wconf 86' lang='grc' dir='ltr'><strong><em>θεὸι</em></strong></span> <span class='ocrx_word' id='word_1_118' title='bbox 2128 1906 2193 1977; x_wconf 77' lang='grc' dir='ltr'><strong><em>οἱ</em></strong></span> <span class='ocrx_word' id='word_1_119' title='bbox 2238 1906 2549 1998; x_wconf 88' lang='grc' dir='ltr'><strong><em>προλογί-</em></strong></span> 
     </span>
     <span class='ocr_line' id='line_1_15' title="bbox 360 2018 2549 2112; baseline -0.003 -17"><span class='ocrx_word' id='word_1_120' title='bbox 360 2030 579 2111; x_wconf 83' lang='grc' dir='ltr'><strong><em>ζοντες</em></strong></span> <span class='ocrx_word' id='word_1_121' title='bbox 619 2021 807 2097; x_wconf 69' lang='grc' dir='ltr'><strong><em>οὐδὲν</em></strong></span> <span class='ocrx_word' id='word_1_122' title='bbox 850 2022 1010 2095; x_wconf 74' lang='grc' dir='ltr'><strong><em>ἄλλο</em></strong></span> <span class='ocrx_word' id='word_1_123' title='bbox 1036 2022 1252 2110; x_wconf 76' lang='grc' dir='ltr'><strong><em>ἔχουσι</em></strong></span> <span class='ocrx_word' id='word_1_124' title='bbox 1297 2022 1516 2094; x_wconf 83' lang='grc' dir='ltr'><strong><em>κοινὸν</em></strong></span> <span class='ocrx_word' id='word_1_125' title='bbox 1556 2021 1727 2112; x_wconf 88' lang='grc' dir='ltr'><strong><em>πρὸς</em></strong></span> <span class='ocrx_word' id='word_1_126' title='bbox 1766 2020 1843 2090; x_wconf 86' lang='grc' dir='ltr'><strong><em>τὸ</em></strong></span> <span class='ocrx_word' id='word_1_127' title='bbox 1886 2022 2100 2111; x_wconf 81' lang='grc' dir='ltr'><strong><em>δρᾶμα</em></strong></span> <span class='ocrx_word' id='word_1_128' title='bbox 2140 2019 2253 2088; x_wconf 83' lang='grc' dir='ltr'><strong><em>καὶ</em></strong></span> <span class='ocrx_word' id='word_1_129' title='bbox 2296 2018 2549 2090; x_wconf 75' lang='grc' dir='ltr'><strong><em>ἐκτελέ-</em></strong></span> 
     </span>
     <span class='ocr_line' id='line_1_16' title="bbox 360 2130 2546 2228; baseline -0.004 -21"><span class='ocrx_word' id='word_1_130' title='bbox 360 2163 591 2219; x_wconf 83' lang='grc' dir='ltr'><strong><em>σαντες</em></strong></span> <span class='ocrx_word' id='word_1_131' title='bbox 631 2139 705 2209; x_wconf 82' lang='grc' dir='ltr'><strong><em>δὲ</em></strong></span> <span class='ocrx_word' id='word_1_132' title='bbox 746 2141 825 2208; x_wconf 83' lang='grc' dir='ltr'><strong><em>τὸ</em></strong></span> <span class='ocrx_word' id='word_1_133' title='bbox 868 2137 1051 2228; x_wconf 69' lang='grc' dir='ltr'><strong><em>ἔργον</em></strong></span> <span class='ocrx_word' id='word_1_134' title='bbox 1106 2144 1303 2206; x_wconf 83' lang='grc' dir='ltr'><strong><em>τοῦτο</em></strong></span> <span class='ocrx_word' id='word_1_135' title='bbox 1346 2132 1768 2225; x_wconf 82' lang='grc' dir='ltr'><strong><em>α’ποχωροῦσι</em></strong></span> <span class='ocrx_word' id='word_1_136' title='bbox 1808 2141 1924 2225; x_wconf 79' lang='grc' dir='ltr'><strong><em>τῆς</em></strong></span> <span class='ocrx_word' id='word_1_137' title='bbox 1969 2139 2205 2224; x_wconf 84' lang='grc' dir='ltr'><strong><em>σκηνῆς</em></strong></span> <span class='ocrx_word' id='word_1_138' title='bbox 2244 2130 2333 2222; x_wconf 82' lang='grc' dir='ltr'><strong><em>μὴ</em></strong></span> <span class='ocrx_word' id='word_1_139' title='bbox 2378 2131 2546 2201; x_wconf 75' lang='grc' dir='ltr'><strong><em>ἐπα-</em></strong></span> 
     </span>
     <span class='ocr_line' id='line_1_17' title="bbox 360 2239 2554 2341; baseline -0.002 -24"><span class='ocrx_word' id='word_1_140' title='bbox 360 2249 726 2338; x_wconf 87' lang='grc' dir='ltr'><strong><em>νερχόμενοι</em></strong></span> <span class='ocrx_word' id='word_1_141' title='bbox 766 2252 839 2320; x_wconf 74' lang='grc' dir='ltr'><strong><em>ἐκ</em></strong></span> <span class='ocrx_word' id='word_1_142' title='bbox 870 2250 1186 2341; x_wconf 82' lang='grc' dir='ltr'><strong><em>δευτέρου.</em></strong></span> <span class='ocrx_word' id='word_1_143' title='bbox 1271 2244 1537 2339; x_wconf 76' lang='grc' dir='ltr'><strong><em>Ἐπειδὴ</em></strong></span> <span class='ocrx_word' id='word_1_144' title='bbox 1583 2250 1657 2317; x_wconf 76' lang='grc' dir='ltr'><strong><em>δὲ</em></strong></span> <span class='ocrx_word' id='word_1_145' title='bbox 1698 2244 1763 2315; x_wconf 76' lang='grc' dir='ltr'><strong><em>οἱ</em></strong></span> <span class='ocrx_word' id='word_1_146' title='bbox 1806 2246 1962 2314; x_wconf 79' lang='grc' dir='ltr'><strong><em>θεοὶ</em></strong></span> <span class='ocrx_word' id='word_1_147' title='bbox 2004 2242 2217 2326; x_wconf 69' lang='grc' dir='ltr'><strong><em>ἄλλως</em></strong></span> <span class='ocrx_word' id='word_1_148' title='bbox 2258 2239 2387 2314; x_wconf 84' lang='grc' dir='ltr'><strong><em>εἶνε</em></strong></span> <span class='ocrx_word' id='word_1_149' title='bbox 2429 2272 2554 2336; x_wconf 90' lang='grc' dir='ltr'><strong><em>φυ-</em></strong></span> 
     </span>
     <span class='ocr_line' id='line_1_18' title="bbox 362 2355 2553 2453; baseline -0.001 -24"><span class='ocrx_word' id='word_1_150' title='bbox 362 2362 516 2430; x_wconf 84' lang='grc' dir='ltr'><strong><em>σικὰ</em></strong></span> <span class='ocrx_word' id='word_1_151' title='bbox 576 2360 912 2453; x_wconf 79' lang='grc' dir='ltr'><strong><em>εἰδήμονες</em></strong></span> <span class='ocrx_word' id='word_1_152' title='bbox 950 2368 1069 2431; x_wconf 81' lang='grc' dir='ltr'><strong><em>τοῦ</em></strong></span> <span class='ocrx_word' id='word_1_153' title='bbox 1124 2363 1508 2447; x_wconf 85' lang='grc' dir='ltr'><strong><em>μέλλοντος,</em></strong></span> <span class='ocrx_word' id='word_1_154' title='bbox 1583 2358 1693 2429; x_wconf 84' lang='grc' dir='ltr'><strong><em>διὰ</em></strong></span> <span class='ocrx_word' id='word_1_155' title='bbox 1745 2366 1940 2427; x_wconf 85' lang='grc' dir='ltr'><strong><em>τοῦτο</em></strong></span> <span class='ocrx_word' id='word_1_156' title='bbox 1997 2355 2229 2440; x_wconf 78' lang='grc' dir='ltr'><strong><em>ὁσάκις</em></strong></span> <span class='ocrx_word' id='word_1_157' title='bbox 2271 2356 2553 2448; x_wconf 82' lang='grc' dir='ltr'><strong><em>παράγει</em></strong></span> 
     </span>
     <span class='ocr_line' id='line_1_19' title="bbox 364 2465 2555 2566; baseline -0.002 -24"><span class='ocrx_word' id='word_1_158' title='bbox 364 2470 600 2556; x_wconf 72' lang='grc' dir='ltr'><strong><em>αὐτοὺς</em></strong></span> <span class='ocrx_word' id='word_1_159' title='bbox 646 2472 684 2543; x_wconf 82' lang='grc' dir='ltr'>ὁ</span> <span class='ocrx_word' id='word_1_160' title='bbox 740 2474 1021 2566; x_wconf 89' lang='grc' dir='ltr'><strong><em>ποιητὴς</em></strong></span> <span class='ocrx_word' id='word_1_161' title='bbox 1078 2474 1147 2542; x_wconf 84' lang='grc' dir='ltr'><strong><em>έν</em></strong></span> <span class='ocrx_word' id='word_1_162' title='bbox 1202 2479 1297 2564; x_wconf 76' lang='grc' dir='ltr'><strong><em>τῷ</em></strong></span> <span class='ocrx_word' id='word_1_163' title='bbox 1337 2470 1658 2561; x_wconf 81' lang='grc' dir='ltr'><strong><em>Προλόγῳ</em></strong></span> <span class='ocrx_word' id='word_1_164' title='bbox 1714 2468 2023 2561; x_wconf 76' lang='grc' dir='ltr'><strong><em>ἐκτίθησι</em></strong></span> <span class='ocrx_word' id='word_1_165' title='bbox 2076 2466 2161 2539; x_wconf 80' lang='grc' dir='ltr'><strong><em>δι’</em></strong></span> <span class='ocrx_word' id='word_1_166' title='bbox 2212 2467 2425 2539; x_wconf 79' lang='grc' dir='ltr'><strong><em>αὐτῶν</em></strong></span> <span class='ocrx_word' id='word_1_167' title='bbox 2478 2465 2555 2538; x_wconf 78' lang='grc' dir='ltr'><strong><em>οὗ</em></strong></span> 
     </span>
     <span class='ocr_line' id='line_1_20' title="bbox 363 2577 2555 2676; baseline -0.002 -24"><span class='ocrx_word' id='word_1_168' title='bbox 363 2583 563 2670; x_wconf 88' lang='grc' dir='ltr'><strong><em>μόνον</em></strong></span> <span class='ocrx_word' id='word_1_169' title='bbox 614 2586 698 2655; x_wconf 85' lang='grc' dir='ltr'><strong><em>τὰ</em></strong></span> <span class='ocrx_word' id='word_1_170' title='bbox 754 2585 887 2676; x_wconf 83' lang='grc' dir='ltr'><strong><em>πρὸ</em></strong></span> <span class='ocrx_word' id='word_1_171' title='bbox 938 2592 1094 2668; x_wconf 79' lang='grc' dir='ltr'><strong><em>τοῦς</em></strong></span> <span class='ocrx_word' id='word_1_172' title='bbox 1143 2583 1474 2676; x_wconf 85' lang='grc' dir='ltr'><strong><em>δράματος</em></strong></span> <span class='ocrx_word' id='word_1_173' title='bbox 1515 2583 1628 2651; x_wconf 86' lang='grc' dir='ltr'><strong><em>καὶ</em></strong></span> <span class='ocrx_word' id='word_1_174' title='bbox 1669 2582 1786 2673; x_wconf 81' lang='grc' dir='ltr'><strong><em>τὴν</em></strong></span> <span class='ocrx_word' id='word_1_175' title='bbox 1829 2590 1946 2651; x_wconf 83' lang='grc' dir='ltr'><strong><em>τοῦ</em></strong></span> <span class='ocrx_word' id='word_1_176' title='bbox 1989 2579 2317 2672; x_wconf 87' lang='grc' dir='ltr'><strong><em>δράματος</em></strong></span> <span class='ocrx_word' id='word_1_177' title='bbox 2358 2577 2555 2672; x_wconf 84' lang='grc' dir='ltr'><strong><em>άρχὴν</em></strong></span> 
     </span>
     <span class='ocr_line' id='line_1_21' title="bbox 363 2692 2552 2785; baseline 0.001 -24"><span class='ocrx_word' id='word_1_178' title='bbox 363 2693 475 2763; x_wconf 86' lang='grc' dir='ltr'><strong><em>καὶ</em></strong></span> <span class='ocrx_word' id='word_1_179' title='bbox 519 2694 806 2783; x_wconf 90' lang='grc' dir='ltr'><strong><em>πρόοδον</em></strong></span> <span class='ocrx_word' id='word_1_180' title='bbox 848 2693 1017 2765; x_wconf 81' lang='grc' dir='ltr'><strong><em>α’λλὰ</em></strong></span> <span class='ocrx_word' id='word_1_181' title='bbox 1060 2693 1496 2785; x_wconf 84' lang='grc' dir='ltr'><strong><em>προσημαίνει</em></strong></span> <span class='ocrx_word' id='word_1_182' title='bbox 1526 2692 1815 2763; x_wconf 88' lang='grc' dir='ltr'><strong><em>πάντοτε</em></strong></span> <span class='ocrx_word' id='word_1_183' title='bbox 1852 2693 1966 2763; x_wconf 81' lang='grc' dir='ltr'><strong><em>καὶ</em></strong></span> <span class='ocrx_word' id='word_1_184' title='bbox 2008 2693 2085 2762; x_wconf 87' lang='grc' dir='ltr'><strong><em>τὸ</em></strong></span> <span class='ocrx_word' id='word_1_185' title='bbox 2130 2692 2403 2780; x_wconf 73' lang='grc' dir='ltr'><strong><em>ἔσχατον</em></strong></span> <span class='ocrx_word' id='word_1_186' title='bbox 2444 2694 2552 2763; x_wconf 67' lang='grc' dir='ltr'><strong><em>τέ·</em></strong></span> 
     </span>
     <span class='ocr_line' id='line_1_22' title="bbox 366 2803 2552 2897; baseline 0 -26"><span class='ocrx_word' id='word_1_187' title='bbox 366 2806 509 2884; x_wconf 90' lang='grc' dir='ltr'><strong><em>λος·</em></strong></span> <span class='ocrx_word' id='word_1_188' title='bbox 569 2810 762 2871; x_wconf 82' lang='grc' dir='ltr'><strong><em>τοῦτο</em></strong></span> <span class='ocrx_word' id='word_1_189' title='bbox 817 2803 1260 2896; x_wconf 84' lang='grc' dir='ltr'><strong><em>παρετήρησεν</em></strong></span> <span class='ocrx_word' id='word_1_190' title='bbox 1314 2803 1435 2897; x_wconf 81' lang='grc' dir='ltr'><strong><em>ἤδη</em></strong></span> <span class='ocrx_word' id='word_1_191' title='bbox 1488 2806 1602 2874; x_wconf 83' lang='grc' dir='ltr'><strong><em>καὶ</em></strong></span> <span class='ocrx_word' id='word_1_192' title='bbox 1651 2804 1689 2875; x_wconf 82' lang='grc' dir='ltr'>ὁ</span> <span class='ocrx_word' id='word_1_193' title='bbox 1733 2809 1993 2892; x_wconf 69' lang='grc' dir='ltr'><strong><em>ΒοοοΙςΙι</em></strong></span> <span class='ocrx_word' id='word_1_194' title='bbox 2008 2859 2025 2889; x_wconf 85' lang='grc'><strong><em>,</em></strong></span> <span class='ocrx_word' id='word_1_195' title='bbox 2088 2808 2314 2875; x_wconf 77' lang='lat' dir='ltr'>Graec.</span> <span class='ocrx_word' id='word_1_196' title='bbox 2365 2808 2552 2893; x_wconf 75' lang='lat' dir='ltr'>Trag.</span> 
     </span>
     <span class='ocr_line' id='line_1_23' title="bbox 367 2913 2550 3008; baseline 0.001 -26"><span class='ocrx_word' id='word_1_197' title='bbox 367 2916 644 3003; x_wconf 84' lang='lat' dir='ltr'>Princip.</span> <span class='ocrx_word' id='word_1_198' title='bbox 700 2941 761 2985; x_wconf 93' lang='grc' dir='ltr'><strong><em>σ.</em></strong></span> <span class='ocrx_word' id='word_1_199' title='bbox 793 2920 922 2985; x_wconf 82' lang='grc'><strong><em>215</em></strong></span> <span class='ocrx_word' id='word_1_200' title='bbox 977 2917 1089 2985; x_wconf 82' lang='grc' dir='ltr'><strong><em>καὶ</em></strong></span> <span class='ocrx_word' id='word_1_201' title='bbox 1131 2913 1301 3008; x_wconf 76' lang='grc' dir='ltr'><strong><em>ἑξῆς)</em></strong></span> <span class='ocrx_word' id='word_1_202' title='bbox 1344 2925 1628 3008; x_wconf 87' lang='grc' dir='ltr'><strong><em>σημειῶν</em></strong></span> <span class='ocrx_word' id='word_1_203' title='bbox 1676 2917 1871 2988; x_wconf 73' lang='grc' dir='ltr'><strong><em>τάδει</em></strong></span> <span class='ocrx_word' id='word_1_204' title='bbox 1930 2942 2284 3003; x_wconf 83' lang='lat' dir='ltr'><strong>numquam</strong></span> <span class='ocrx_word' id='word_1_205' title='bbox 2325 2941 2550 3004; x_wconf 81' lang='lat' dir='ltr'>perso-</span> 
     </span>
     <span class='ocr_line' id='line_1_24' title="bbox 367 3032 2550 3118; baseline 0.001 -22"><span class='ocrx_word' id='word_1_206' title='bbox 367 3051 518 3097; x_wconf 83' lang='lat' dir='ltr'><strong><em>nam</em></strong></span> <span class='ocrx_word' id='word_1_207' title='bbox 557 3032 893 3117; x_wconf 84' lang='lat' dir='ltr'><strong>prologum</strong></span> <span class='ocrx_word' id='word_1_208' title='bbox 935 3040 1235 3118; x_wconf 81' lang='lat' dir='ltr'><strong>agentem</strong></span> <span class='ocrx_word' id='word_1_209' title='bbox 1277 3035 1613 3101; x_wconf 77' lang='lat' dir='ltr'>vaticinari</span> <span class='ocrx_word' id='word_1_210' title='bbox 1660 3056 1844 3101; x_wconf 71' lang='lat' dir='ltr'><strong>casus</strong></span> <span class='ocrx_word' id='word_1_211' title='bbox 1888 3033 2137 3098; x_wconf 79' lang='lat' dir='ltr'><strong>futuros</strong></span> <span class='ocrx_word' id='word_1_212' title='bbox 2150 3083 2166 3112; x_wconf 86' lang='lat'>,</span> <span class='ocrx_word' id='word_1_213' title='bbox 2222 3034 2348 3098; x_wconf 80' lang='lat' dir='ltr'>nisi</span> <span class='ocrx_word' id='word_1_214' title='bbox 2391 3032 2550 3099; x_wconf 80' lang='lat' dir='ltr'><strong>deus</strong></span> 
     </span>
     <span class='ocr_line' id='line_1_25' title="bbox 368 3141 2553 3229; baseline 0.003 -25"><span class='ocrx_word' id='word_1_215' title='bbox 368 3141 456 3205; x_wconf 76' lang='lat' dir='ltr'><strong><em>sit</em></strong></span> <span class='ocrx_word' id='word_1_216' title='bbox 509 3151 625 3208; x_wconf 77' lang='lat' dir='ltr'><strong><em>aut</em></strong></span> <span class='ocrx_word' id='word_1_217' title='bbox 686 3145 990 3224; x_wconf 74' lang='lat' dir='ltr'>daemon3</span> <span class='ocrx_word' id='word_1_218' title='bbox 1059 3145 1446 3229; x_wconf 79' lang='lat' dir='ltr'><strong>ubicumque</strong></span> <span class='ocrx_word' id='word_1_219' title='bbox 1504 3145 1663 3211; x_wconf 79' lang='lat' dir='ltr'><strong>deus</strong></span> <span class='ocrx_word' id='word_1_220' title='bbox 1719 3149 1874 3228; x_wconf 77' lang='lat' dir='ltr'><strong>agat</strong></span> <span class='ocrx_word' id='word_1_221' title='bbox 1889 3193 1905 3222; x_wconf 90' lang='lat'>,</span> <span class='ocrx_word' id='word_1_222' title='bbox 1971 3143 2063 3208; x_wconf 91' lang='lat' dir='ltr'><strong><em>ibi</em></strong></span> <span class='ocrx_word' id='word_1_223' title='bbox 2119 3150 2186 3209; x_wconf 79' lang='lat' dir='ltr'><strong><em>et</em></strong></span> <span class='ocrx_word' id='word_1_224' title='bbox 2243 3148 2553 3210; x_wconf 77' lang='lat' dir='ltr'><strong>eventura</strong></span> 
     </span>
     <span class='ocr_line' id='line_1_26' title="bbox 368 3241 2644 3343; baseline 0.001 -26"><span class='ocrx_word' id='word_1_225' title='bbox 368 3252 675 3338; x_wconf 81' lang='lat' dir='ltr'><strong>praedici.</strong></span> <span class='ocrx_word' id='word_1_226' title='bbox 740 3241 903 3320; x_wconf 59' lang='lat' dir='ltr'><strong><em>:Tofi</em></strong></span> <span class='ocrx_word' id='word_1_227' title='bbox 946 3255 1245 3343; x_wconf 86' lang='grc' dir='ltr'><strong><em>δευτέρου</em></strong></span> <span class='ocrx_word' id='word_1_228' title='bbox 1285 3254 1508 3339; x_wconf 83' lang='grc' dir='ltr'><strong><em>γένους</em></strong></span> <span class='ocrx_word' id='word_1_229' title='bbox 1548 3258 1680 3319; x_wconf 88' lang='grc' dir='ltr'><strong><em>τῶν</em></strong></span> <span class='ocrx_word' id='word_1_230' title='bbox 1717 3248 2074 3339; x_wconf 87' lang='grc' dir='ltr'><strong><em>Προλόγων</em></strong></span> <span class='ocrx_word' id='word_1_231' title='bbox 2118 3247 2557 3339; x_wconf 85' lang='grc' dir='ltr'><strong><em>διακρίνονται</em></strong></span> <span class='ocrx_word' id='word_1_232' title='bbox 2619 3295 2644 3312; x_wconf 43' lang='grc' dir='ltr'><strong><em>ι,</em></strong></span> 
     </span>
     <span class='ocr_line' id='line_1_27' title="bbox 368 3357 2554 3454; baseline 0 -23"><span class='ocrx_word' id='word_1_233' title='bbox 368 3360 574 3431; x_wconf 87' lang='grc' dir='ltr'><strong><em>πάλιν</em></strong></span> <span class='ocrx_word' id='word_1_234' title='bbox 616 3357 767 3452; x_wconf 88' lang='grc' dir='ltr'><strong><em>τρία</em></strong></span> <span class='ocrx_word' id='word_1_235' title='bbox 807 3360 947 3452; x_wconf 77' lang='grc' dir='ltr'><strong><em>εἴδη</em></strong></span> <span class='ocrx_word' id='word_1_236' title='bbox 991 3371 1059 3449; x_wconf 93' lang='grc' dir='ltr'><strong><em>α)</em></strong></span> <span class='ocrx_word' id='word_1_237' title='bbox 1105 3364 1175 3432; x_wconf 75' lang='grc' dir='ltr'><strong><em>ἐν</em></strong></span> <span class='ocrx_word' id='word_1_238' title='bbox 1215 3358 1317 3444; x_wconf 83' lang='grc' dir='ltr'><strong><em>οἷς</em></strong></span> <span class='ocrx_word' id='word_1_239' title='bbox 1374 3366 1692 3454; x_wconf 86' lang='grc' dir='ltr'><strong><em>διηγεῖται</em></strong></span> <span class='ocrx_word' id='word_1_240' title='bbox 1735 3360 1771 3430; x_wconf 88' lang='lat' dir='ltr'><strong><em>o‘</em></strong></span> <span class='ocrx_word' id='word_1_241' title='bbox 1815 3363 2097 3452; x_wconf 83' lang='grc' dir='ltr'><strong><em>ποιητὴς</em></strong></span> <span class='ocrx_word' id='word_1_242' title='bbox 2137 3359 2220 3429; x_wconf 83' lang='grc' dir='ltr'><strong><em>τὰ</em></strong></span> <span class='ocrx_word' id='word_1_243' title='bbox 2263 3369 2381 3429; x_wconf 84' lang='grc' dir='ltr'><strong><em>τοῦ</em></strong></span> <span class='ocrx_word' id='word_1_244' title='bbox 2425 3362 2554 3449; x_wconf 76' lang='grc' dir='ltr'><strong><em>μύ-</em></strong></span> 
     </span>
     <span class='ocr_line' id='line_1_28' title="bbox 366 3470 2556 3564; baseline 0 -23"><span class='ocrx_word' id='word_1_245' title='bbox 366 3479 500 3541; x_wconf 90' lang='grc' dir='ltr'><strong><em>θου</em></strong></span> <span class='ocrx_word' id='word_1_246' title='bbox 541 3474 995 3562; x_wconf 77' lang='grc' dir='ltr'><strong><em>προηγούμενα</em></strong></span> <span class='ocrx_word' id='word_1_247' title='bbox 1038 3470 1177 3564; x_wconf 79' lang='grc' dir='ltr'><strong><em>ἰδίᾳ</em></strong></span> <span class='ocrx_word' id='word_1_248' title='bbox 1220 3477 1293 3542; x_wconf 76' lang='grc' dir='ltr'><strong><em>δέ</em></strong></span> <span class='ocrx_word' id='word_1_249' title='bbox 1333 3474 1417 3542; x_wconf 85' lang='grc' dir='ltr'><strong><em>τὰ</em></strong></span> <span class='ocrx_word' id='word_1_250' title='bbox 1453 3471 1868 3560; x_wconf 88' lang='grc' dir='ltr'><strong><em>σχετιζόμενα</em></strong></span> <span class='ocrx_word' id='word_1_251' title='bbox 1895 3472 2065 3562; x_wconf 82' lang='grc' dir='ltr'><strong><em>πρὸς</em></strong></span> <span class='ocrx_word' id='word_1_252' title='bbox 2103 3475 2188 3542; x_wconf 86' lang='grc' dir='ltr'><strong><em>τὰ</em></strong></span> <span class='ocrx_word' id='word_1_253' title='bbox 2214 3481 2345 3543; x_wconf 90' lang='grc' dir='ltr'><strong><em>τῶν</em></strong></span> <span class='ocrx_word' id='word_1_254' title='bbox 2374 3501 2556 3564; x_wconf 89' lang='grc' dir='ltr'><strong><em>πρω-</em></strong></span> 
     </span>
     <span class='ocr_line' id='line_1_29' title="bbox 365 3581 2551 3674; baseline 0 -21"><span class='ocrx_word' id='word_1_255' title='bbox 365 3582 934 3672; x_wconf 81' lang='grc' dir='ltr'><strong><em>ταγωνιστούντων</em></strong></span> <span class='ocrx_word' id='word_1_256' title='bbox 977 3586 1405 3673; x_wconf 89' lang='grc' dir='ltr'><strong><em>πεπρωμένα,</em></strong></span> <span class='ocrx_word' id='word_1_257' title='bbox 1464 3585 1652 3668; x_wconf 75' lang='grc' dir='ltr'><strong><em>ὅπως</em></strong></span> <span class='ocrx_word' id='word_1_258' title='bbox 1694 3585 1762 3655; x_wconf 76' lang='grc' dir='ltr'><strong><em>ἐν</em></strong></span> <span class='ocrx_word' id='word_1_259' title='bbox 1810 3582 2231 3668; x_wconf 87' lang='grc' dir='ltr'><strong><em>Φοινίσσαις,</em></strong></span> <span class='ocrx_word' id='word_1_260' title='bbox 2280 3581 2551 3674; x_wconf 82' lang='grc' dir='ltr'><strong><em>Ἀνδρο-</em></strong></span> 
     </span>
     <span class='ocr_line' id='line_1_30' title="bbox 364 3696 2553 3790; baseline 0.001 -24"><span class='ocrx_word' id='word_1_261' title='bbox 364 3698 555 3790; x_wconf 82' lang='grc' dir='ltr'><strong><em>μάχῃ,</em></strong></span> <span class='ocrx_word' id='word_1_262' title='bbox 595 3696 921 3782; x_wconf 82' lang='grc' dir='ltr'><strong><em>Ἱκέτισιν,</em></strong></span> <span class='ocrx_word' id='word_1_263' title='bbox 962 3696 1443 3789; x_wconf 66' lang='grc' dir='ltr'><strong><em>εΗρακλείδαις,</em></strong></span> <span class='ocrx_word' id='word_1_264' title='bbox 1485 3696 1798 3787; x_wconf 59' lang='grc' dir='ltr'><strong><em>(Ηρακλεῑ</em></strong></span> <span class='ocrx_word' id='word_1_265' title='bbox 1838 3697 2274 3787; x_wconf 80' lang='grc' dir='ltr'><strong><em>Μαινομένῳ,</em></strong></span> <span class='ocrx_word' id='word_1_266' title='bbox 2318 3696 2553 3768; x_wconf 85' lang='grc' dir='ltr'><strong><em>Ἠλέκ-</em></strong></span> 
     </span>
     <span class='ocr_line' id='line_1_31' title="bbox 366 3803 2633 3903; baseline 0 -25"><span class='ocrx_word' id='word_1_267' title='bbox 366 3836 505 3902; x_wconf 76' lang='grc' dir='ltr'><strong><em>τρᾳ,</em></strong></span> <span class='ocrx_word' id='word_1_268' title='bbox 561 3819 634 3897; x_wconf 81' lang='grc' dir='ltr'><strong><em>β)</em></strong></span> <span class='ocrx_word' id='word_1_269' title='bbox 680 3810 749 3879; x_wconf 78' lang='grc' dir='ltr'><strong><em>έν</em></strong></span> <span class='ocrx_word' id='word_1_270' title='bbox 791 3803 893 3892; x_wconf 86' lang='grc' dir='ltr'><strong><em>οἷς</em></strong></span> <span class='ocrx_word' id='word_1_271' title='bbox 922 3808 1298 3880; x_wconf 75' lang='grc' dir='ltr'><strong><em>ἐκτίθενται</em></strong></span> <span class='ocrx_word' id='word_1_272' title='bbox 1339 3809 1378 3903; x_wconf 86' lang='grc' dir='ltr'><strong><em>ἡ</em></strong></span> <span class='ocrx_word' id='word_1_273' title='bbox 1409 3818 1529 3879; x_wconf 84' lang='grc' dir='ltr'><strong><em>τοῦ</em></strong></span> <span class='ocrx_word' id='word_1_274' title='bbox 1566 3810 1894 3902; x_wconf 90' lang='grc' dir='ltr'><strong><em>δράματος</em></strong></span> <span class='ocrx_word' id='word_1_275' title='bbox 1930 3808 2169 3899; x_wconf 91' lang='grc' dir='ltr'><strong><em>πορεία</em></strong></span> <span class='ocrx_word' id='word_1_276' title='bbox 2197 3811 2308 3878; x_wconf 85' lang='grc' dir='ltr'><strong><em>καὶ</em></strong></span> <span class='ocrx_word' id='word_1_277' title='bbox 2338 3812 2555 3902; x_wconf 82' lang='grc' dir='ltr'><strong><em>πλοκὴ</em></strong></span> <span class='ocrx_word' id='word_1_278' title='bbox 2601 3811 2633 3832; x_wconf 65' lang='grc'><strong><em>“’</em></strong></span> 
     </span>
     <span class='ocr_line' id='line_1_32' title="bbox 369 3913 2555 4012; baseline 0.001 -25"><span class='ocrx_word' id='word_1_279' title='bbox 369 3918 459 4002; x_wconf 88' lang='grc' dir='ltr'><strong><em>ώς</em></strong></span> <span class='ocrx_word' id='word_1_280' title='bbox 500 3921 569 3989; x_wconf 78' lang='grc' dir='ltr'><strong><em>ἐν</em></strong></span> <span class='ocrx_word' id='word_1_281' title='bbox 606 3918 868 4012; x_wconf 83' lang='grc' dir='ltr'><strong><em>Ὀρέστῃ</em></strong></span> <span class='ocrx_word' id='word_1_282' title='bbox 910 3921 1021 3989; x_wconf 84' lang='grc' dir='ltr'><strong><em>καὶ</em></strong></span> <span class='ocrx_word' id='word_1_283' title='bbox 1075 3930 1142 4009; x_wconf 85' lang='grc' dir='ltr'><strong><em>γ)</em></strong></span> <span class='ocrx_word' id='word_1_284' title='bbox 1186 3921 1255 3990; x_wconf 80' lang='grc' dir='ltr'><strong><em>ἐν</em></strong></span> <span class='ocrx_word' id='word_1_285' title='bbox 1310 3913 1411 4002; x_wconf 87' lang='grc' dir='ltr'><strong><em>οἷς</em></strong></span> <span class='ocrx_word' id='word_1_286' title='bbox 1450 3918 1760 4011; x_wconf 85' lang='grc' dir='ltr'><strong><em>άναφέρει</em></strong></span> <span class='ocrx_word' id='word_1_287' title='bbox 1799 3918 1837 3988; x_wconf 78' lang='grc' dir='ltr'>ὁ</span> <span class='ocrx_word' id='word_1_288' title='bbox 1881 3918 2163 4011; x_wconf 86' lang='grc' dir='ltr'><strong><em>ποιητὴς</em></strong></span> <span class='ocrx_word' id='word_1_289' title='bbox 2205 3924 2411 4006; x_wconf 78' lang='grc' dir='ltr'><strong><em>λέξεις</em></strong></span> <span class='ocrx_word' id='word_1_290' title='bbox 2450 3947 2555 3991; x_wconf 91' lang='grc' dir='ltr'><strong><em>τι-</em></strong></span> 
     </span>
     <span class='ocr_line' id='line_1_33' title="bbox 367 4023 2654 4123; baseline 0.002 -25"><span class='ocrx_word' id='word_1_291' title='bbox 367 4031 481 4111; x_wconf 86' lang='grc' dir='ltr'><strong><em>νὰς</em></strong></span> <span class='ocrx_word' id='word_1_292' title='bbox 522 4027 564 4121; x_wconf 85' lang='grc' dir='ltr'><em>ἤ</em></span> <span class='ocrx_word' id='word_1_293' title='bbox 604 4035 824 4122; x_wconf 80' lang='grc' dir='ltr'><strong><em>ῥήσεις</em></strong></span> <span class='ocrx_word' id='word_1_294' title='bbox 866 4031 939 4116; x_wconf 78' lang='grc' dir='ltr'><strong><em>ἐξ</em></strong></span> <span class='ocrx_word' id='word_1_295' title='bbox 978 4023 1068 4099; x_wconf 83' lang='grc' dir='ltr'><strong><em>ὧν</em></strong></span> <span class='ocrx_word' id='word_1_296' title='bbox 1112 4029 1189 4099; x_wconf 83' lang='grc' dir='ltr'><strong><em>νὰ</em></strong></span> <span class='ocrx_word' id='word_1_297' title='bbox 1234 4028 1504 4101; x_wconf 82' lang='grc' dir='ltr'><strong><em>δύναταί</em></strong></span> <span class='ocrx_word' id='word_1_298' title='bbox 1544 4058 1648 4113; x_wconf 91' lang='grc' dir='ltr'><strong><em>τις</em></strong></span> <span class='ocrx_word' id='word_1_299' title='bbox 1693 4031 1769 4100; x_wconf 82' lang='grc' dir='ltr'><strong><em>νὰ</em></strong></span> <span class='ocrx_word' id='word_1_300' title='bbox 1800 4030 2163 4123; x_wconf 79' lang='grc' dir='ltr'><strong><em>προεικάσῃ</em></strong></span> <span class='ocrx_word' id='word_1_301' title='bbox 2205 4030 2374 4102; x_wconf 85' lang='grc' dir='ltr'><strong><em>κατά</em></strong></span> <span class='ocrx_word' id='word_1_302' title='bbox 2408 4060 2555 4104; x_wconf 86' lang='grc' dir='ltr'><strong><em>τινα</em></strong></span> <span class='ocrx_word' id='word_1_303' title='bbox 2651 4043 2654 4046; x_wconf 81' lang='grc'><strong>’</strong></span> 
     </span>
     <span class='ocr_line' id='line_1_34' title="bbox 367 4139 2551 4237; baseline 0.002 -27"><span class='ocrx_word' id='word_1_304' title='bbox 367 4143 614 4231; x_wconf 90' lang='grc' dir='ltr'><strong><em>τρόπον</em></strong></span> <span class='ocrx_word' id='word_1_305' title='bbox 671 4144 784 4212; x_wconf 83' lang='grc' dir='ltr'><strong><em>καὶ</em></strong></span> <span class='ocrx_word' id='word_1_306' title='bbox 825 4144 1283 4236; x_wconf 81' lang='grc' dir='ltr'><strong><em>προμαντεύσῃ</em></strong></span> <span class='ocrx_word' id='word_1_307' title='bbox 1341 4147 1419 4212; x_wconf 83' lang='grc' dir='ltr'><strong><em>τὸ</em></strong></span> <span class='ocrx_word' id='word_1_308' title='bbox 1473 4142 1929 4234; x_wconf 85' lang='grc' dir='ltr'><strong><em>γενησόμενον,</em></strong></span> <span class='ocrx_word' id='word_1_309' title='bbox 1997 4139 2087 4224; x_wconf 82' lang='grc' dir='ltr'><strong><em>ῶς</em></strong></span> <span class='ocrx_word' id='word_1_310' title='bbox 2142 4144 2210 4212; x_wconf 78' lang='grc' dir='ltr'><strong><em>ἐν</em></strong></span> <span class='ocrx_word' id='word_1_311' title='bbox 2263 4142 2551 4237; x_wconf 74' lang='grc' dir='ltr'><strong><em>Μηδείᾳ,</em></strong></span> 
     </span>
     <span class='ocr_line' id='line_1_35' title="bbox 362 4248 2555 4346; baseline 0 -24"><span class='ocrx_word' id='word_1_312' title='bbox 362 4248 705 4342; x_wconf 77' lang='grc' dir='ltr'><strong><em>Ἰφιγενείᾳ</em></strong></span> <span class='ocrx_word' id='word_1_313' title='bbox 757 4261 944 4342; x_wconf 86' lang='grc' dir='ltr'><strong><em>Ταυρ.</em></strong></span> <span class='ocrx_word' id='word_1_314' title='bbox 1004 4253 1117 4322; x_wconf 86' lang='grc' dir='ltr'><strong><em>καὶ</em></strong></span> <span class='ocrx_word' id='word_1_315' title='bbox 1153 4252 1389 4346; x_wconf 77' lang='grc' dir='ltr'><strong><em>Ἑλένῃ.</em></strong></span> <span class='ocrx_word' id='word_1_316' title='bbox 1473 4251 1568 4323; x_wconf 87' lang='lat' dir='ltr'><strong><em>‘H</em></strong></span> <span class='ocrx_word' id='word_1_317' title='bbox 1614 4253 1929 4345; x_wconf 87' lang='grc' dir='ltr'><strong><em>διαίρεσις</em></strong></span> <span class='ocrx_word' id='word_1_318' title='bbox 1985 4250 2146 4345; x_wconf 73' lang='grc' dir='ltr'><strong><em>αὕτη</em></strong></span> <span class='ocrx_word' id='word_1_319' title='bbox 2203 4260 2334 4322; x_wconf 89' lang='grc' dir='ltr'><strong><em>τῶν</em></strong></span> <span class='ocrx_word' id='word_1_320' title='bbox 2374 4263 2555 4344; x_wconf 92' lang='grc' dir='ltr'><strong><em>Προ-</em></strong></span> 
     </span>
     <span class='ocr_line' id='line_1_36' title="bbox 367 4361 2555 4459; baseline 0 -28"><span class='ocrx_word' id='word_1_321' title='bbox 367 4361 574 4452; x_wconf 88' lang='grc' dir='ltr'><strong><em>λόγων</em></strong></span> <span class='ocrx_word' id='word_1_322' title='bbox 631 4364 904 4454; x_wconf 84' lang='grc' dir='ltr'><strong><em>πηγάζει</em></strong></span> <span class='ocrx_word' id='word_1_323' title='bbox 962 4374 1321 4458; x_wconf 83' lang='grc' dir='ltr'><strong><em>προφανῶς</em></strong></span> <span class='ocrx_word' id='word_1_324' title='bbox 1373 4368 1446 4436; x_wconf 77' lang='grc' dir='ltr'><strong><em>ἐκ</em></strong></span> <span class='ocrx_word' id='word_1_325' title='bbox 1501 4376 1619 4459; x_wconf 85' lang='grc' dir='ltr'><strong><em>τῆς</em></strong></span> <span class='ocrx_word' id='word_1_326' title='bbox 1673 4369 2057 4457; x_wconf 78' lang='grc' dir='ltr'><strong><em>ἐσωτερικῆς</em></strong></span> <span class='ocrx_word' id='word_1_327' title='bbox 2109 4374 2366 4458; x_wconf 80' lang='grc' dir='ltr'><strong><em>μορφῆς</em></strong></span> <span class='ocrx_word' id='word_1_328' title='bbox 2407 4363 2555 4455; x_wconf 83' lang='grc' dir='ltr'><strong><em>ἤτοι</em></strong></span> 
     </span>
    </p>
   </div>
  </div>
 </body>
</html>
