3117 4759
1413 347 1492 412 19

341 542 547 626 θησιν
592 532 697 604 “Ὁ
724 530 1088 624 Εὐριπίδης
1113 533 1622 624 μεταχειρίζεται
1648 532 1807 620 μίαν
1849 535 2225 626 έξωτερικὴν
2265 531 2308 627 ἢ
2354 535 2537 607 ἱστο-

341 646 524 736 ρικὴν
566 628 1057 734 προεισαγωγὴν
1100 642 1191 726 ὥς
1233 641 1303 712 ἓν
1345 643 1770 734 πρόγραμμα,
1828 645 1899 713 έν
1940 637 1995 734 ᾧ
2038 653 2419 735 σημειοῦται
2461 647 2538 716 τὸ

342 758 713 824 τελευταῖον
767 761 1035 845 σημεῖον
1079 754 1212 843 πρὸ
1256 762 1376 823 τοῦ
1420 754 1748 846 δράματος
1806 757 1919 825 καὶ
1962 756 2172 827 ἐνίοτε
2212 759 2325 828 καὶ
2364 757 2537 828 ὕπο-

344 868 651 956 δηλοῦται
699 864 813 934 καὶ
867 862 908 955 ἡ
964 865 1294 950 μέλλουσα
1349 868 1709 956 δραματικὴ
1771 867 1988 957 πλοκὴ
2028 866 2143 935 καὶ
2182 868 2387 950 λύσις.
2464 867 2539 938 ‘0

341 976 690 1065 μηχανικὸς
751 969 943 1058 οὗτος
991 972 1332 1065 Πρόλογος
1386 972 1516 1045 εἶνε
1583 979 1751 1046 κατὰ
1816 978 2213 1069 ὡρισμένους
2267 982 2535 1066 τύπους,

343 1084 696 1170 μονότονος
759 1085 872 1154 καὶ
928 1085 1178 1176 ψυχρὸς
1238 1086 1350 1153 καὶ
1415 1084 1582 1177 μήτε
1635 1088 2005 1178 χρησιμεύει
2051 1086 2161 1170 ὥς
2221 1087 2541 1180 οὖσιῶδης

347 1196 588 1281 δεσμὸς
625 1196 788 1287 μήτε
832 1196 1135 1285 προδίδει
1179 1195 1425 1287 λεπτὴν
1468 1197 1817 1289 ποιητικὴν
1852 1205 2054 1287 χεῖρα.
2138 1195 2243 1268 Ἐν
2283 1198 2542 1282 τούτοις

344 1305 442 1391 εἶς
470 1308 585 1377 τὸν
627 1304 947 1398 α’κροατὴν
989 1305 1175 1388 ὅστις
1216 1304 1286 1375 ἐν
1313 1307 1496 1396 μέσῳ
1538 1314 1672 1375 τῶν
1715 1311 2084 1377 πολυειδῶν
2134 1316 2265 1378 τῶν
2306 1308 2542 1395 μύθων

342 1426 977 1510 μετασχηματισμῶν
1020 1420 1388 1488 έδικαιοῦτο
1432 1419 1511 1487 νά
1555 1416 1897 1513 ἀπαιτήσῃ
1941 1420 2127 1504 ὅπως
2169 1422 2393 1512 ένωρὶς
2434 1426 2539 1492 δι-

344 1531 564 1617 δαχθῇ
592 1535 740 1610 πῶς
782 1529 1114 1614 ἐξεδέξατο
1156 1528 1193 1597 ὁ
1228 1528 1510 1620 ποιητὴς
1547 1529 1663 1599 τὸν
1692 1537 1916 1616 μῦθον
1960 1526 2089 1600 εἶνε
2132 1529 2169 1598 o‘
2198 1530 2543 1621 Πρόλογος

345 1636 415 1708 ’ἐν
470 1636 804 1731 ὠφέλιμον
848 1645 1275 1714 Summarium
1295 1695 1313 1725 ,
1376 1640 1543 1732 ὅπερ
1598 1641 1956 1712 έκπτύσσει
2007 1642 2090 1712 τὰ
2131 1641 2385 1734 νήματα
2426 1649 2543 1712 τοῦ

346 1752 775 1826 πολυπλόκου
820 1753 1214 1846 ὑφάσματος
1258 1756 1544 1842 παρέχον
1585 1753 1743 1840 μίαν
1790 1755 2186 1846 συνοπτικὴν
2225 1762 2345 1824 τοῦ
2384 1753 2543 1824 ὅλου

344 1863 679 1958 ἔποψινῑι.
774 1873 1011 1956 Φρονεῖ
1069 1866 1238 1956 πρὸς
1289 1865 1550 1947 τούτοις
1601 1864 1638 1934 ὁ
1683 1866 2049 1955 Βερνάρδυς
2090 1866 2195 1936 ὅτι
2236 1865 2272 1936 ὃ
2318 1876 2541 1959 Σοφο-

344 1982 504 2069 κλῆς
557 1975 1010 2070 ἠκολούθησεν
1051 1972 1131 2044 ἂν
1182 1973 1288 2061 ι’)’χι
1328 1975 1442 2046 τὸν
1486 1974 1852 2067 Εὐριπίδην
1904 1973 2072 2044 α’λλὰ
2112 1976 2232 2067 τὴν
2275 1975 2386 2046 διὰ
2427 1983 2545 2068 τῆς

347 2089 657 2180 ἐπιρροῆς
720 2095 837 2156 τοῦ
905 2084 1277 2156 τελευταίου
1339 2090 1816 2176 μορφωθεῖσαν
1879 2087 2407 2178 καλλαισθησίαν
2471 2089 2542 2156 έν

345 2205 488 2281 τοῖς
529 2198 927 2279 τελευταίοις
966 2196 1168 2267 αὑτοῦ
1211 2196 1564 2288 δράμασιν,
1612 2194 1750 2290 ἰδίᾳ
1793 2198 1861 2267 ἐν
1902 2205 1985 2290 τῇ
2027 2197 2369 2291 οἰκονομίᾳ
2412 2208 2545 2269 τῶν

352 2319 708 2402 Τραχινιῶν
747 2312 861 2380 καὶ
902 2317 997 2399 τῷ
1038 2310 1360 2402 Προλόγῳ
1401 2306 1632 2395 αὐτῶν,
1679 2311 1850 2400 πρὸς
1894 2311 1968 2380 δὲ
2011 2311 2080 2379 ἐν
2121 2318 2218 2402 τῷ
2259 2317 2419 2383 deus
2463 2338 2542 2383 ex

350 2429 648 2496 machina
690 2425 759 2494 ἐν
801 2431 895 2513 τῷ
944 2424 1292 2515 Φιλοκήτῃ.

521 2539 991 2628 Μνημονευτέα
1053 2534 1348 2607 ἐνταῦθα
1407 2535 1520 2603 καὶ
1585 2532 1625 2624 ἡ
1694 2535 1893 2622 μικρὰ
1950 2535 2366 2624 πραγματεία
2424 2544 2545 2606 τοῦ

352 2654 662 2719 Dziatzko
706 2649 1196 2740 ἐπιγραφομένῃ
1241 2651 1360 2716 Die
1403 2648 1887 2715 Plautinisohen
1928 2648 2244 2732 Prologen
2261 2700 2277 2728 ‚
2342 2650 2544 2734 allge-

351 2768 561 2831 meine
605 2762 1148 2847 Gesiohtspunkte
1195 2761 1360 2825 1868
1417 2756 1486 2824 ἐν
1536 2748 1579 2846 ᾗ
1636 2753 1727 2836 ὥς
1781 2757 1850 2825 έν
1905 2756 2179 2848 παρόδῳ
2233 2784 2542 2892 πραγμα-

348 2867 605 2936 τεύεται
645 2865 758 2935 καὶ
799 2867 955 2956 περὶ
995 2873 1127 2933 τῶν
1169 2861 1608 2954 Εύριπιδείων
1646 2867 2004 2956 Προλόγων
2051 2867 2209 2948 “1329
2250 2870 2364 2936 τὸν
2412 2867 2543 2936 En?-

350 2977 643 3070 ριπίδην,
705 2979 906 3066 λέγει,
967 2976 1191 3068 ανήκει
1230 2974 1270 3068 ἦ
1312 2977 1467 3069 τιμὴ
1523 2977 1629 3047 ότι
1673 2975 1992 3062 άνέπτυξε
2045 2976 2162 3045 τὸν
2203 2976 2545 3065 Πρόλογον

352 3118 449 3173 εις
488 3091 631 3161 τὸν
645 3091 915 3179 βαθμὸν
958 3086 1158 3159 αὐτὸν
1199 3090 1313 3158 καὶ
1353 3094 1541 3180 μέχρι
1584 3096 1703 3158 τοῦ
1747 3087 2016 3178 σημείου
2058 3084 2156 3167 εἷς
2198 3113 2235 3155 ο
2280 3092 2391 3154 νῦν
2434 3083 2544 3154 εὖ·

350 3202 657 3293 ρίσκομεν
699 3202 959 3273 αύτόνίι.
1045 3203 1319 3284 Πολλὰς
1359 3202 1472 3271 καὶ
1500 3203 1705 3282 καλὰς
1740 3198 2220 3290 παρατηρήσεις
2249 3204 2547 3268 ποιεῖται

350 3312 388 3382 o‘
434 3311 591 3403 α’νὴρ
634 3314 704 3382 έν
743 3320 893 3395 ταῖς
933 3312 1188 3401 ὀλίγαις
1217 3311 1636 3404 παραγράφοι
1644 3339 1695 3395 ς,
1744 3312 1813 3380 έν
1856 3304 1964 3392 αἷς
2004 3313 2190 3379 λαλεῖ
2219 3309 2374 3400 περὶ
2415 3316 2547 3378 τῶν

352 3422 509 3514 παρ’
566 3421 895 3517 Εὐριπίδῃ
939 3424 1314 3513 Προλόγων.
1404 3423 1531 3494 “02
1588 3431 1706 3494 τοῦ
1762 3419 2107 3507 Αἰσχύλου
2160 3421 2272 3490 καὶ
2324 3430 2546 3513 Σοφο-

350 3538 577 3618 κλέους
618 3534 953 3624 Πρόλογοι
995 3537 1370 3625 περιέχουσι
1412 3537 1489 3603 τὸ
1529 3542 1648 3604 τοῦ
1691 3531 2022 3624 δράματος
2064 3531 2548 3622 προηγούμενον

312 3647 549 3736 ,μόνον
591 3647 660 3718 έν
706 3650 946 3737 δυνατῇ
990 3643 1338 3737 συντομία,
1400 3646 1512 3713 καὶ
1553 3651 1750 3714 τοῦτο
1792 3639 1973 3733 ἤρκει
2033 3639 2130 3721 εἰς
2171 3640 2286 3731 τὴν
2328 3640 2549 3732 ἁπλῆν

266 3792 277 3802 ·
349 3760 461 3827 καὶ
502 3764 815 3846 καθαρῶς
871 3754 1371 3848 ᾗτιολογημένην
1433 3754 1767 3826 ὑπόθεσιν
1810 3761 1942 3822 τῶν
1982 3756 2357 3843 τραγῳδιῶν
2398 3779 2547 3823 των.

272 3883 323 3924 ‘²‘
357 3867 751 3940 Τούναντίον
795 3870 830 3938 ὃ
861 3866 1228 3959 Εὐριπίδης
1268 3868 1524 3958 συνῳδὰ
1569 3869 1739 3956 πρὸς
1766 3868 1845 3935 τό
1856 3894 1891 3934 ν
1935 3865 2310 3954 περίτεχνον
2349 3863 2550 3935 αὖτοῢ

346 3989 714 4072 χαρακτῆρα
756 3981 1115 4071 κατέστησε
1156 3979 1648 4067 πλουσιωτέραν
1702 3977 1820 4066 τὴν
1864 3975 2265 4066 δραματικὴν
2311 3981 2550 4065 πρᾶξιν

351 4091 709 4175 ἐπιδιώξας
766 4090 1004 4181 σκηνὰς
1060 4090 1133 4158 ἐκ
1187 4095 1307 4156 τοῦ
1363 4094 1672 4174 τραγικοῦ
1729 4085 2000 4167 πάθους
2051 4089 2545 4175 προερχομένας,

351 4202 593 4279 αἵτινες
650 4199 760 4267 διὰ
814 4199 892 4267 τὸ
949 4201 1459 4287 περιπετειῶδες
1514 4195 1624 4263 καὶ
1684 4193 1761 4262 τὸ
1822 4192 2233 4282 περίπλοκον
2289 4192 2549 4285 ἔχρῃζον

347 4316 600 4399 μακρᾶς
641 4317 1146 4401 προεισαγωγῆς.
1239 4307 1319 4379 Οἱ
1365 4306 1777 4399 Εὖριπίδειοι-
1804 4303 2157 4393 Πρόλογοι,
2203 4304 2546 4389 ἐξακολου-

2005 4430 2038 4482 2
2052 4426 2081 4460 ¹0⁸
