3117 4759
1745 328 1823 393 18

769 514 1046 602 Βιβλίον
1090 512 1150 584 τ’
1191 514 1354 601 ἔχων
1396 516 1671 598 ἕκαστος
1712 517 2042 604 μανθάνει
2085 519 2172 588 τὰ
2214 520 2391 604 δεξιὰ

765 626 873 695 Αἱ
915 628 1147 719 φύσεις
1187 626 1244 696 τ’
1290 626 1506 712 ἄλλως
1545 628 1893 720 κράτισται

765 748 906 809 Νῦν
949 743 1023 810 δέ
1064 742 1178 810 καὶ
1220 742 1705 832 παρηκόνηνται
1721 767 1736 784 ·

690 911 695 914 .
767 856 1004 943 Μηδὲν
1051 847 1162 923 οὖν
1210 852 1527 945 δείσητον,
1574 851 1743 924 α’λλὰ

764 964 975 1035 Πάντ’
1020 968 1340 1051 ἐπέξιτον,
1388 973 1651 1035 θεατιῖν
1693 967 1749 1055 γ’
1791 966 1990 1052 οὕνεχ’
2038 968 2129 1050 ὥς
2170 964 2374 1037 ’όντων
2419 975 2661 1058 σοφῶν.

845 1074 952 1146 Ἐκ
995 1084 1112 1146 τοῦ
1148 1075 1387 1165 χωρίου
1429 1075 1665 1146 τούτου
1705 1077 2178 1170 καταφαίνεται
2208 1080 2552 1170 προδήλως
2592 1078 2698 1150 ὅτι
2744 1077 2875 1167 πρὸ

677 1195 795 1257 τοῦ
845 1187 1077 1277 χρόνου
1132 1183 1290 1256 καθ’
1350 1181 1424 1257 ὃν
1476 1187 1899 1257 ἐδιδάσκοντο
1955 1186 2022 1256 οἱ
2066 1188 2396 1278 Βάτραχοι
2454 1184 2605 1266 (Ὀλ.
2656 1194 2758 1271 93,
2807 1191 2875 1266 3)

678 1289 842 1386 ἦσαν
899 1295 964 1364 οἱ
1020 1298 1265 1365 θεαταὶ
1321 1289 1516 1388 ἧττον
1574 1296 1913 1386 εἰδήμονες
1950 1303 2091 1382 ξτῶν
2135 1296 2292 1386 περὶ
2333 1296 2449 1386 τὴν
2493 1296 2729 1386 σκηνὴν
2771 1294 2877 1362 ὅτι

680 1410 754 1477 δέ
795 1410 962 1493 τότε,
1008 1406 1165 1478 καθ’
1208 1402 1282 1477 ὃν
1306 1408 1536 1498 χρόνον
1579 1411 1717 1498 δηλ.
1766 1406 1804 1476 5
1849 1408 2214 1501 Εὐριπίδης
2254 1408 2557 1478 ἐδίδασκε
2598 1408 2681 1476 τὰ
2726 1406 2880 1495 δρά-
2967 1447 2971 1451 Δ

677 1518 857 1604 ματά
899 1545 1016 1587 του
1057 1514 1223 1611 ἦσαν
1267 1520 1790 1609 παρηκονημένοι
1831 1518 1945 1585 καὶ
1988 1518 2208 1609 σοφοί.
2285 1515 2488 1587 Ἀλλὰ
2519 1515 2695 1607 πλὴν
2722 1514 2878 1585 τού-

677 1654 794 1697 του
849 1628 939 1720 μὴ
1000 1632 1109 1698 δὲν
1161 1624 1328 1714 εἶχεν
1371 1628 1407 1697 5
1452 1632 1792 1719 Σοφοκλῆς
1845 1629 2001 1710 τούς
2042 1625 2279 1710 αὐτοῦς
2319 1628 2571 1708 θεατὰς
2607 1620 2721 1708 οὓς
2764 1625 2878 1693 καὶ

678 1740 716 1809 5
763 1739 1161 1832 Εὕριπίδηςς
1238 1741 1438 1811 Διότι
1481 1742 1591 1810 ναὶ
1631 1741 1751 1827 μέν
1808 1734 1927 1831 ἧτο
1971 1740 2009 1809 5
2053 1744 2394 1832 Σοφοκλῆς
2436 1739 2877 1828 πρεσβύτερος

678 1848 846 1918 κατὰ
887 1847 1336 1936 Ὀλυμπιάδας
1377 1852 1732 1940 τέσσαρας,
1776 1852 2091 1941 ἐπέζησεν
2134 1850 2314 1937 ὅμως
2357 1850 2603 1919 ἐκείνου
2643 1850 2755 1917 καὶ
2798 1849 2875 1939 δὴ

676 1961 789 2028 καὶ
830 1962 1017 2050 μέχρι
1075 1968 1192 2051 τῆς
1235 1966 1536 2052 τελευτῆς
1591 1970 1709 2032 τοῢ
1752 1963 2118 2052 Εὐριπίδου
2162 1963 2410 2055 ἐνήργει
2454 1965 2523 2032 ἐν
2567 1969 2663 2051 τῷ
2704 1960 2876 2030 θεά-

677 2098 825 2160 τρῳ,
874 2068 966 2153 ὥς
1006 2071 1478 2163 καταφαίνεται
1523 2072 1596 2142 ἐκ
1639 2080 1770 2141 τῶν
1814 2075 1883 2142 ἐν
1926 2081 2006 2164 τῇ
2050 2078 2180 2143 vit.
2224 2079 2515 2161 Euripid.
2558 2071 2875 2161 ἀναγινω-

679 2186 1011 2267 σκομένων
1058 2186 1385 2271 ((λέγουσν
1405 2186 1477 2253 δὲ
1520 2187 1865 2276 Σοφοκλέα
1905 2183 2277 2254 α’κούσαντα
2320 2184 2427 2253 ὅτι
2468 2183 2876 2273 ἐτελεύτησεν

678 2290 714 2360 5
772 2290 1139 2383 Εὐριπίδης
1196 2295 1394 2363 αὐτὸν
1451 2298 1574 2381 μέν
1634 2294 1874 2385 ἱματίῳ
1928 2302 2107 2385 φαιῷ
2166 2297 2557 2383 προελθεῖν,
2632 2292 2746 2360 τὸν
2804 2293 2877 2360 δὲ

672 2404 863 2494 χορὸν
919 2406 1031 2473 καὶ
1086 2405 1242 2487 τοίς
1296 2405 1661 2498 ὑποκριτὰς
1714 2405 2218 2498 ἀστεφανώτους
2260 2403 2627 2492 εἰσαγαγεῖν
2671 2404 2738 2470 ἐν
2780 2409 2875 2490 τῷ

678 2522 1077 2605 προαγῶνιίι.
1173 2513 1322 2586 Ἐὰν
1388 2521 1627 2588 λοιπὸν
1714 2514 1880 2604 εἶχεν
1958 2519 2184 2608 ὀρθῶς
2247 2517 2287 2608 ἡ
2353 2515 2696 2606 ὑπόληψις
2759 2521 2876 2583 τοῦ

677 2629 1038 2696 Firnhaber
1080 2626 1349 2717 ἔπρεπε
1389 2627 1542 2697 τότε
1595 2629 1709 2697 καὶ
1764 2626 1801 2697 5
1845 2633 2189 2720 Σοφοκλῆς
2229 2627 2309 2695 νά
2350 2626 2875 2716 μεταχειρίσηται

678 2738 1013 2821 τοιούτους
1069 2741 1662 2831 διασαφηνητικούς
1703 2740 2080 2830 Προλόγους
2135 2737 2564 2825 τούλάχιστον
2615 2739 2684 2807 ἐν
2728 2742 2876 2815 ταῖς

679 2852 1081 2933 τελευταίαις
1125 2849 1328 2919 αὑτοῦ
1369 2857 1774 2942 τραγῳδίαις,
1823 2858 2017 2944 δῆλον
2063 2852 2168 2922 ὅτι
2211 2861 2306 2941 τῷ
2356 2849 2724 2940 Φιλοκτήτῃ
2761 2846 2878 2915 καὶ

687 2956 1005 3029 Οιδίποδι
1049 2962 1168 3030 ἐπι
1211 2966 1506 3051 Κολονῳ.

852 3072 993 3139 Καὶ
1047 3070 1084 3139 5
1142 3076 1523 3162 Bernhardy
1575 3076 1651 3143 δέ
1710 3073 1781 3142 ἐν
1836 3081 1918 3164 τῆ
1973 3079 2227 3162 γνωστῇ
2283 3068 2483 3139 αὑτοῦ
2541 3075 2877 3158 συγγραφῇ

684 3187 1033 3253 Grundriss
1077 3188 1194 3253 der
1237 3189 1697 3255 Griechischen
1739 3190 2100 3254 Litteratur
2153 3182 2358 3251 κλίνει
2412 3183 2491 3249 νὰ
2543 3178 2877 3271 ἄσπασθῇ

682 3295 800 3383 τὴν
840 3294 1095 3385 γνώμην
1137 3294 1242 3364 ὅτι
1286 3295 1351 3363 οὶ
1393 3295 1728 3386 Πρόλογοι
1770 3294 2143 3385 ἐγράφησαν
2183 3293 2370 3384 χάριν
2413 3302 2531 3362 τοῦ
2573 3298 2772 3386 λαοῦ,
2800 3291 2875 3362 δ’·

685 3429 829 3487 στις
884 3405 1098 3489 ἄλλως
1155 3409 1484 3489 δυσκόλως
1539 3408 1639 3475 θὰ
1680 3406 1972 3477 κατενόει
2026 3406 2144 3499 τήν
2199 3407 2413 3498 πλήρη
2459 3407 2728 3488 πάθους
2767 3406 2881 3474 καὶ

686 3526 1137 3606 περιπετειῶν·
1181 3521 1586 3609 δραματικὴν
1645 3518 1897 3612 πλοκήν
1916 3546 1931 3563 ·
2004 3517 2397 3611 άναφέρεται
2459 3521 2531 3589 δέ
2607 3517 2702 3598 εἷς
2763 3518 2879 3583 τὸν

686 3631 1088 3722 Σχολιαστὴν
1145 3629 1240 3711 εἷς
1278 3628 1400 3720 Ὀρ.
1450 3633 1571 3699 128
1630 3630 1740 3698 καὶ
1793 3640 1975 3712 Φοιν.
2027 3635 2209 3715 1485,
2272 3629 2511 3720 ἐπίσης
2553 3627 2648 3708 εἷς
2689 3630 2875 3712 Σχολ.

695 3746 941 3829 Τρῳαδ.
991 3749 1023 3811 1
1079 3740 1609 3834 “Ἐφελκυστικὸς
1653 3744 1771 3832 γάρ
1815 3746 1994 3813 ἐστιν
2037 3741 2140 3812 άεὶ
2168 3746 2434 3829 μᾶλλον,
2458 3748 2588 3808 τῶν
2618 3746 2881 3808 θεατῶν

687 3848 722 3918 5
783 3856 1103 3944 ποιητὴς“
1157 3855 1635 3946 χαρακτηρίζων
1692 3853 1893 3924 αὐτὸν
1951 3857 2246 3925 καθόλου
2303 3853 2392 3933 ὡς
2446 3851 2725 3943 ποιητὴν
2766 3861 2882 3943 τῆς

688 3959 1130 4053 ὄχλοκρατίας.
1213 3965 1317 4036 Ἔν
1358 3967 1619 4049 τούτοις
1647 3965 1953 4054 ου’δαμῶς
1994 3964 2121 4038 εἶνε
2163 3965 2199 4034 5
2230 3963 2594 4052 Βερνάρδυς
2634 3964 2886 4050 θερμὸς

688 4071 1188 4167 ἱπερασπιστὴς
1228 4087 1358 4147 τῶν
1386 4077 1826 4170 Εὐριπιδείων
1853 4078 2221 4171 Προλόγων,
2269 4071 2411 4157 οἷος
2439 4073 2476 4145 5
2505 4079 2881 4146 Firnhaber.

687 4184 791 4252 Ἐν
832 4195 913 4275 τῇ
954 4190 1249 4258 καθόλου
1302 4196 1553 4283 χαλαρᾷ
1596 4202 1717 4261 τοῦ
1760 4193 2108 4282 δράματος·
2128 4187 2655 4282 οἶκονομίᾳπαᾷ
2688 4188 2883 4280 Εὐρι-

695 4296 858 4385 πίδῃ
901 4295 1292 4385 ἀνευρίσκων
1335 4302 1453 4391 τὴν
1496 4310 1613 4393 τῆς
1655 4309 2049 4394 προλογικῆς
2103 4304 2327 4395 τέχνης
2370 4301 2567 4396 α’ρχὴν
2609 4299 2886 4391 προστί-

3088 3937 3117 4026 roffi—-
