3117 4759
1393 380 1475 444 27

342 558 684 647 ριπιδείων
724 558 1079 650 Προλόγων
1121 557 1157 629 ὁ
1189 564 1452 630 Ellendt
1494 562 1591 645 (ἐν
1632 567 1727 651 τῷ
1754 562 2267 652 μνημονευθέντι
2294 559 2535 650 βιβλίῳ

344 672 475 739 σελ.
507 676 619 754 37)
662 674 882 740 θέλων
923 672 1002 739 νὰ
1045 671 1317 763 έξηγήσῃ
1359 670 1596 753 αὐτοὺς
1639 672 1710 741 ἐκ
1753 680 1870 764 τῆς
1897 672 2156 763 φύσεως
2192 670 2391 764 αὐτῆς
2418 680 2536 763 τῆς

343 777 676 870 ἑλληνικῆς
738 780 1097 873 ποιήσεως,
1165 780 1307 872 ἥτις
1376 782 1460 850 τὰ
1526 782 1818 868 μάλιστα
1882 783 2240 875 ἐπιρῤεπὴς
2303 781 2399 865 εἰς
2454 783 2531 853 τὸ

344 887 666 980 ἱστορικὸν
728 894 912 981 γένος
961 893 1074 961 καὶ
1127 893 1196 962 έν
1237 901 1319 984 τῇ
1372 887 1701 986 τραγῳδίᾲ
1751 893 2057 986 φαίνεται
2096 895 2185 986 μὴ
2229 892 2532 986 άποφεύ-

343 1025 547 1088 γουσα
588 1001 708 1083 τὰς
753 1001 1098 1094 διηγήσεις.
1186 999 1291 1073 Ἐκ
1348 1012 1464 1095 τῆς
1507 1002 1815 1094 τοιαύτης
1858 1004 1930 1072 δὲ
1976 1002 2147 1092 πρὸς
2187 1003 2265 1072 τὸ
2309 1006 2532 1093 διηγη-

342 1114 619 1198 ματικὸν
659 1113 924 1199 τάσεως,
973 1116 1401 1201 ἐξακολουθεῖ
1443 1117 1789 1205 κατωτέρω
1833 1119 2200 1185 “relabente
2241 1120 2310 1182 in
2350 1124 2535 1185 vetu-

344 1232 531 1297 statis
575 1233 1051 1316 simplicitatem
1080 1239 1293 1316 poeta,
1335 1233 1648 1320 narrativi
1689 1233 1786 1298 ini
1827 1231 2078 1316 prologi
2118 1231 2207 1296 ad
2247 1230 2534 1296 fabulam

342 1364 474 1408 non
532 1345 931 1427 pertinentes
991 1344 1316 1411 fluxerunt
1331 1396 1347 1424 ‚
1416 1347 1529 1428 qui
1584 1346 1664 1410 iis
1716 1344 1952 1410 similes
1969 1392 1984 1422 ,
2053 1364 2213 1427 quos
2256 1342 2406 1407 olim
2449 1342 2532 1407 ab

342 1455 533 1519 unico
574 1455 684 1520 illo
727 1461 947 1521 actore
988 1458 1160 1523 inter
1204 1458 1530 1522 cantiones
1574 1456 1871 1521 interseri
1914 1454 2133 1520 solitos
2178 1442 2428 1532 seimus,
2493 1476 2535 1519 a

346 1565 583 1649 populo
627 1569 915 1634 excusati
954 1575 1165 1635 sunt“.
1239 1563 1386 1634 Ὅτι
1426 1564 1503 1633 τὸ
1535 1562 1997 1654 διηγηματικὸν
2040 1568 2361 1647 στοιχεῖον
2401 1569 2532 1631 τῶν

344 1671 697 1761 Προλόγων
739 1673 1034 1743 καθόλου
1072 1671 1327 1766 ὀφείλει
1369 1672 1464 1755 εἷς
1504 1673 1811 1764 τοιαύτην
1857 1672 2051 1743 τάσιν
2088 1680 2207 1764 τῆς
2239 1670 2531 1764 Ἑλληνι-

341 1788 459 1872 κῆς
498 1782 832 1873 ποιήσεως
870 1785 988 1875 τὴν
1029 1781 1244 1874 ἀρχὴν,
1292 1786 1401 1853 δέν
1431 1780 1559 1854 εἶνε
1590 1779 1741 1852 ἄνευ
1766 1782 1962 1871 λόγου
1990 1781 2339 1873 εἰρημένον,
2391 1781 2534 1852 ἄλλ’

340 1890 683 1963 άπατᾶται
726 1893 902 1981 ὅμως
941 1893 977 1966 ὃ
1023 1897 1231 1987 σοφὸς
1273 1894 1432 1988 άνὴρ
1476 1902 1734 1988 φρονῶν
1775 1894 1882 1963 ὅτι
1925 1894 1961 1965 ὅ
2005 1892 2370 1986 Εὐριπίδης
2410 1922 2530 1963 κα-

339 2006 614 2095 τέφυγεν
656 2006 751 2087 εἷς
792 2006 910 2096 τὴν
949 2007 1243 2076 παλαιὰν
1288 2006 1671 2098 συνήθειαν,
1733 2001 1889 2091 μεθ’
1934 1997 2009 2094 ἧς
2050 1998 2168 2095 ἧτο
2217 2004 2529 2095 ἐξῳκειω-

339 2118 534 2203 μένος
576 2114 613 2185 ὁ
650 2117 826 2202 λαὸς,
876 2116 1065 2202 διότι,
1115 2114 1204 2198 ὥς
1246 2115 1366 2209 ἤδη
1411 2116 1668 2207 ἐρρέθη,
1714 2115 1752 2183 ὁ
1795 2114 2098 2204 τραγικὸς
2140 2107 2331 2196 οὗτος
2372 2114 2530 2185 ἔδω-

340 2257 448 2300 κεν
503 2229 598 2312 εἰς
649 2231 802 2313 τοὺς
843 2231 1223 2321 Προλόγους
1278 2227 1630 2319 ἰδιαίτερόν
1682 2255 1830 2297 τινα
1880 2234 2248 2317 χαρακτῆρα
2291 2224 2529 2297 οὗσιω-

342 2345 470 2423 διῢς
511 2340 829 2432 διάφορον
874 2348 993 2411 τοῦ
1037 2341 1219 2431 παρὰ
1262 2346 1405 2422 τοῖς
1449 2337 1742 2430 πρώτοις
1771 2343 2100 2428 ποιηταῖς.
2186 2336 2530 2429 Διάφορον

341 2447 486 2535 εἶνε,
534 2453 870 2536 ἐννοεῖται,
913 2453 990 2522 τὸ
1037 2451 1300 2544 ζήτημα,
1359 2452 1465 2534 τὶς
1506 2458 1773 2541 πρῶτος
1813 2447 2297 2538 μετεχειρίσατο
2340 2448 2527 2540 Πρό-

338 2565 547 2650 λογον.
630 2562 739 2645 Ὡς
781 2565 850 2632 έν
892 2564 1167 2654 παρόδῳ
1219 2571 1714 2655 παρατηροῦμεν
1764 2561 1965 2648 μόνον
2008 2562 2299 2629 ἐνταῦθα
2340 2559 2447 2631 ὅτι
2486 2559 2526 2650 ἦ

334 2682 561 2765 χρῆσις
602 2673 805 2743 αὐτοῦ
842 2679 1325 2765 χρονολογεῖται
1367 2672 1508 2743 α’πὸ
1548 2673 1779 2764 χρόνου
1794 2728 1813 2756 ,
1875 2667 2034 2741 καθ’
2087 2665 2160 2740 ὃν
2203 2672 2527 2764 ε’φευρέθη

337 2783 378 2875 ἡ
423 2785 785 2876 δραματικὴ
832 2788 1051 2875 τέχνη,
1121 2783 1292 2853 διότι
1336 2782 1430 2864 εἷς
1471 2784 1586 2851 τὸν
1636 2785 1923 2867 Θέσπιν,
1984 2776 2058 2851 ὃν
2100 2779 2444 2872 ὁμόφωνος
2485 2782 2525 2874 ἡ

338 2894 685 2989 άρχαιότης
727 2894 817 2978 ὦς
859 2896 972 2967 τὸν
1015 2903 1279 2986 πρῶτον
1309 2895 1653 2987 ἑφευρετὴν
1680 2902 1797 2987 τῆς
1828 2893 2190 2985 τραγῳδίας
2217 2891 2527 2985 ἀναφέρει

341 3005 535 3097 (ὅπερ
579 3008 965 3095 ἐπιβεβαιοῖ
1007 3003 1220 3088 άλλως
1262 3006 1373 3074 καὶ
1417 3003 1455 3073 ὁ
1480 3002 1776 3095 Ὁράτιος
1816 3005 1885 3073 έν
1912 3009 2034 3073 Ars
2076 3007 2256 3074 Poet.
2303 3028 2362 3074 σ.
2396 3008 2525 3074 275

592 3124 884 3206 ignotum
924 3124 1209 3207 tragicae
1252 3143 1455 3207 genus
1497 3123 1812 3189 invenisse
1859 3121 2213 3188 Camoenae

599 3232 836 3297 dicitur
879 3240 947 3298 et
988 3235 1294 3317 plaustris
1337 3235 1583 3301 vexisse
1625 3239 1925 3317 poemata
1967 3231 2264 3317 Thespis)

339 3334 437 3427 εἷς
489 3337 603 3405 τὸν
645 3335 842 3406 αύτὸν
897 3343 1155 3409 Θέσπιν
1198 3337 1509 3410 άποδίδει
1551 3337 1589 3408 ὁ
1640 3338 1993 3426 Θεμίστιος
2034 3337 2151 3430 τὴν
2189 3345 2307 3407 τοῦ
2348 3347 2530 3428 Προ-

338 3448 532 3537 λόγου
588 3447 939 3540 ε’φεύρεσιν.
1019 3448 1298 3531 Ἀδίκως
1350 3456 1422 3520 δέ
1466 3450 1502 3520 ὁ
1549 3454 1804 3520 Madius
1861 3450 1932 3518 ἐκ
1974 3457 2092 3517 τοῦ
2128 3449 2371 3536 χωρίου
2411 3455 2531 3518 τοῦ

335 3558 826 3651 Ἀριστοτέλους
869 3570 1102 3653 Ποιητ.
1148 3589 1292 3653 κεφ.
1323 3569 1384 3646 4,
1436 3569 1514 3633 12
1542 3617 1556 3632 .
1579 3617 1593 3632 .
1613 3617 1627 3630 .
1677 3563 1827 3631 “nal
1867 3562 1982 3631 τὸν
2027 3561 2220 3650 λόγον
2259 3588 2529 3653 πρωτα-

337 3674 654 3763 γωνιστὴν
709 3673 1162 3762 παρεσκεύασε
1204 3671 1648 3758 (Αἰσχύλος)“
1705 3672 2176 3764 άφορμώμενος
2228 3669 2532 3759 ὀνομάζει

338 3782 448 3851 τὸν
491 3781 836 3868 ,Αἰσχύλον
876 3784 1226 3875 ε’πινοητὴν
1269 3791 1386 3853 τοῦ
1414 3784 1755 3875 Προλόγου
1800 3782 1914 3869 (ἴδ.
1951 3788 2209 3855 Curtius
2254 3785 2323 3852 έν
2361 3784 2531 3875 Ἀρι-

340 3918 517 3963 στοτ.
560 3904 798 3986 Ποιητ.
861 3919 921 3965 σ.
961 3900 1083 3965 102
1104 3950 1119 3980 ,
1187 3897 1358 3987 πρὸς
1413 3896 1487 3965 ὅν
1546 3901 1882 3986 συμφωνεῖ
1939 3894 2050 3962 καὶ
2106 3892 2142 3962 o‘
2188 3897 2529 3966 Eichstadt

340 4030 400 4076 σ.
431 4011 575 4097 97),
633 4007 807 4078 διότι
850 4006 920 4076 αἱ
963 4012 1167 4093 λέξεις
1210 4008 1800 4099 ς’πρωταγωνιστὴν
1844 4005 2078 4095 λόγον(
2134 4008 2243 4075 δέν
2282 4004 2525 4099 α’ναφὲ-
2613 3987 2620 3996 “

336 4143 561 4208 ρονται
602 4116 698 4200 εἰς
738 4119 853 4187 τὸν
895 4118 1235 4209 Πρόλογον
1278 4116 1421 4187 άλλ>
1463 4117 1558 4199 εἷς
1599 4118 1677 4186 τὸ
1722 4117 1828 4187 ὅτι
1875 4116 1992 4208 τὴν
2033 4115 2257 4207 κυρίαν
2300 4120 2526 4209 δρᾶσιν

336 4229 690 4322 μετήγαγεν
731 4227 871 4298 άπὸ
916 4238 1032 4300 τοῦ
1068 4239 1262 4322 χοροῦ
1306 4229 1402 4311 εἰς
1441 4232 1524 4298 τὰ
1570 4235 1821 4321 δρῶντα
1862 4232 2197 4321 πρόσωπα
2227 4241 2269 4300 ¹.

484 4360 534 4430 1)
574 4358 651 4413 w.
693 4359 963 4429 Weleker,
1001 4361 1215 4416 Grieoh.
1254 4362 1418 4431 Trag.
1455 4376 1505 4414 σ.
1546 4367 1615 4419 69
1650 4366 1745 4416 καὶ
1779 4364 1841 4417 ἐν
1875 4363 2121 4433 Trilogie
2153 4379 2204 4418 σ.
2233 4367 2354 4419 500.
