3117 4759
1577 345 1658 408 16

685 535 826 599 Νῦν
884 533 959 597 δέ
1009 525 1485 616 μεταβαίνομεν
1543 525 1639 608 εἷς
1695 528 1778 595 τὰ
1831 525 1966 595 ὑπὸ
2008 535 2130 596 τοῦ
2170 531 2531 600 Firnhaber
2575 527 2717 624 ἰδίᾳ

516 641 808 709 νεώτατα
860 638 1016 729 περὶ
1075 646 1207 707 τῶν
1262 636 1701 727 Εὐριπιδείων
1743 636 2102 726 Προλόγων
2161 642 2709 727 δογματευθέντα,

515 751 621 821 ὅτι
667 755 805 842 δηλ.
871 749 906 821 ὃ
953 747 1315 841 Εύριπίδης
1369 748 1857 839 μετεχειρίσατο
1902 746 2140 831 αὖτοὺς
2180 747 2590 838 ἀποβλέπων
2631 750 2714 820 ἀ-

516 864 705 943 πλῶς
749 862 861 930 καὶ
901 860 1102 947 μόνον
1144 859 1240 943 εἷς
1282 863 1398 930 τὸν
1439 861 1659 931 κοινὸν
1696 862 1872 947 λαὸν,
1919 856 1995 930 ὃν
2038 858 2453 955 εἶχεζθεατὴν
2494 866 2607 933 καὶ
2637 859 2712 934 οὗ

514 970 728 1055 ἄλλως
757 972 1028 1064 ἐθήρευε
1055 974 1172 1066 τὴν
1201 970 1471 1059 εὔνοιαν,
1518 973 1812 1066 θελήσας
1841 974 1952 1043 διὰ
1979 982 2101 1043 τοῦ
2126 980 2333 1062 μέσου
2372 976 2608 1046 τούτου
2635 979 2714 1045 νὰ

517 1083 887 1177 διευκολύνῃ
914 1085 1032 1176 τὴν
1056 1084 1194 1155 ὑπὸ
1226 1094 1345 1155 τοῦ
1375 1084 1569 1172 ὄχλου
1597 1083 1986 1176 κατανόησιν
2013 1094 2144 1155 τῶν
2190 1087 2535 1178 δραμάτων
2576 1115 2712 1157 του.

514 1193 617 1265 Ἐν
662 1195 984 1288 ἶδιαιτέρᾳ
1027 1197 1443 1289 πραγματείᾳ
1483 1196 1996 1289 δημοσιευθείσῃ
2039 1198 2109 1266 ἐν
2149 1204 2295 1279 τοῖς
2337 1202 2563 1268 Jahrb.
2598 1205 2716 1269 der

517 1312 748 1378 Philol.
796 1311 1022 1397 Suppl.
1069 1314 1169 1393 17,
1219 1313 1379 1378 1851
1438 1307 1577 1376 ὑπὸ
1630 1308 1708 1376 τὸ
1753 1305 1960 1395 ’όνομα
2001 1312 2235 1397 Prolog
2279 1314 2396 1379 der
2434 1314 2714 1397 griechi-

518 1425 717 1491 schen
760 1424 1079 1509 Tragesdie
1094 1475 1111 1504 ,
1172 1424 1615 1491 insonderheit
1674 1425 1790 1489 der
1830 1424 2361 1508 Euripideischen
2403 1419 2714 1510 διακρίνει

518 1528 616 1613 εἷς
656 1531 773 1601 δύο
816 1532 1035 1618 τάξεις
1077 1532 1231 1614 τοὺς
1273 1529 1736 1621 Εὕριπιδείους
1777 1531 2183 1623 Προλόγους,
2244 1532 2340 1614 εἷς
2381 1532 2716 1612 τοιούτους

518 1646 715 1734 δῆλον
774 1643 880 1713 ὅτι
937 1647 1175 1726 οἵτινες
1235 1639 1363 1714 εἷνε
1420 1647 1864 1735 πεποιημένοι
1919 1646 2088 1714 κατὰ
2138 1646 2252 1714 τὸν
2309 1645 2557 1733 τρόπον
2599 1653 2718 1714 τοῦ

517 1752 864 1840 Αἰσχύλου
905 1755 1018 1823 καὶ
1049 1759 1463 1847 Σοφοκλέους
1503 1756 1618 1824 καὶ
1660 1755 2002 1843 ἑπομένως
2031 1755 2348 1847 σύμφωνα
2388 1755 2559 1844 πρὸς
2600 1755 2718 1845 τὴν

517 1861 998 1953 ἀριστοτέλειον
1042 1865 1447 1957 προγραφὴν,
1489 1855 1624 1935 οἷοι
1656 1864 1721 1934 οἱ
1748 1866 2084 1954 Πρόλογοι
2125 1872 2242 1957 τῆς
2270 1861 2714 1955 Ἀλκήστιδος,

521 1975 862 2065 Μηδείας,
906 1974 1340 2062 Ἱππολύτου,
1401 1985 1711 2062 Βακχῶν,
1748 1974 2219 2068 Ἀνδρομάχης,
2260 1975 2714 2066 (Ηρακλειδῶν,

515 2085 852 2171 Ἱκετίδων,
896 2084 1267 2177 Ἠλέκτρας,
1319 2091 1665 2178 Τρῳαδῶν,
1707 2087 2000 2178 Ἑκάβης,
2040 2084 2413 2178 Ἰφιγενείας
2456 2087 2525 2154 έν
2568 2082 2720 2154 Αὖ-

519 2194 682 2280 λίδι,
731 2194 961 2287 Ῥήσου
1004 2196 1179 2266 διότι
1224 2198 1292 2265 έν
1335 2204 1479 2280 τοῖς
1522 2197 1812 2287 δράμασι
1851 2201 2114 2277 τούτοις
2156 2193 2219 2264 οἱ
2261 2194 2596 2283 Πρόλογοι
2637 2192 2719 2263 ἀ·-

521 2309 884 2376 ποτελοῦσι
924 2309 1122 2396 μέρος
1163 2306 1317 2376 ὅλον
1358 2309 1436 2377 τὸ
1481 2310 1617 2399 πρὸ
1641 2316 1839 2400 χοροῦ
1869 2307 2183 2397 παρόδου,
2229 2307 2341 2374 καὶ
2386 2313 2457 2393 β)
2501 2304 2720 2374 τοιού·
2763 2331 2784 2340 ··

522 2446 676 2501 τους
716 2417 781 2487 οἶ
825 2419 1059 2489 ὁποῖοι
1100 2419 1462 2490 δεικνύουσι
1504 2426 1650 2490 νέον
1678 2422 1866 2509 μέχρι
1907 2424 2097 2488 τοῦδε
2127 2417 2427 2509 ἀσυνήθη
2469 2415 2720 2507 τρόπον

522 2530 679 2621 περὶ
720 2530 840 2623 τὴν
885 2529 1229 2618 σύνθεσιν,
1292 2530 1450 2601 καθ’
1504 2527 1579 2601 ὃν
1632 2530 2012 2623 εὑρίσκομεν
2055 2533 2534 2624 γεγραμμένους
2568 2530 2722 2611 τούς

470 2709 478 2720 ,
522 2642 901 2734 Προλόγους
941 2651 1058 2736 τῆς
1084 2643 1458 2736 Ἰφιγενείας
1502 2643 1572 2714 ἐν
1604 2643 1893 2733 Ταυρίδι,
1934 2641 2206 2734 Ἑλένης,
2231 2640 2479 2726 Ἴωνος,
2514 2641 2720 2731 (Ηρα-

521 2759 749 2840 κλέους
802 2758 1229 2844 Μαινομένου
1244 2811 1262 2841 ,
1314 2755 1618 2847 Ὀρέστου
1675 2756 1787 2825 καὶ
1835 2763 2208 2825 Φοινισσῶν
2227 2782 2240 2797 ·
2297 2762 2427 2824 τῶν
2470 2753 2722 2842 δραμά-

524 2894 656 2936 των
697 2866 947 2939 τούτων
1002 2866 1067 2936 οἳ
1109 2866 1443 2957 Πρόλογοι
1486 2865 1969 2950 ἀποτελοῦνται
2009 2868 2084 2937 έκ
2127 2866 2245 2936 δύο
2285 2874 2525 2956 μερῶν,
2590 2872 2722 2934 τῶν

426 2981 435 2988 ’
522 2979 893 3070 μονολόγων
949 2983 1187 3063 οἵτινες
1237 2983 1719 3069 προτιθέμενοι
1786 2987 1904 3049 τοῦ
1972 2979 2300 3066 δράματος
2357 2979 2466 3046 δέν
2521 2981 2720 3047 συνά-

526 3120 810 3163 πτονται
834 3088 1096 3180 ἀμέσως
1123 3089 1264 3180 μετ’
1294 3093 1495 3162 αύτοῢ
1524 3094 1636 3161 καὶ
1680 3094 1753 3162 ἐκ
1795 3100 1911 3183 τῆς
1940 3089 2244 3180 εἰσβολῆς
2286 3088 2722 3180 διδασκούσης

524 3201 621 3283 εἶς
673 3202 825 3284 τοὺς
879 3203 1132 3285 θεατὰς
1186 3204 1305 3295 τὴν
1360 3200 1698 3273 ἀπόθεσιν
1737 3198 1937 3292 αύτὴν
1986 3207 2103 3269 τοῦ
2144 3199 2492 3288 δράματος.
2580 3202 2721 3269 Καὶ

527 3312 984 3403 διῖσχυρίζεται
1044 3315 1118 3383 δὲ
1181 3312 1219 3383 ὅ
1264 3318 1626 3384 Firnhaber
1681 3312 1790 3383 ὅτι
1841 3311 1955 3382 ἐὰν
2011 3311 2182 3403 λάβῃ
2238 3339 2342 3394 τις
2397 3310 2513 3381 ὑπ’
2557 3309 2721 3404 ὄψιν

525 3425 641 3494 τὸν
680 3423 906 3514 χρόνον
948 3431 1066 3516 τῆς
1108 3431 1479 3516 συγγραφῆς
1520 3421 1800 3514 ἑκάστης
1856 3420 2218 3513 τραγῳδίας
2257 3421 2574 3491 πείθεται
2614 3422 2719 3490 ὅτι

527 3537 564 3608 ὅ
609 3534 974 3628 Εὕριπίδης
1013 3537 1092 3606 τὸ
1138 3544 1403 3626 πρῶτον
1447 3537 1556 3605 δέν
1598 3533 1934 3625 ἀποχωρεῖ
1984 3542 2101 3626 τῆς
2141 3535 2408 3626 πρώτης
2447 3534 2559 3603 καὶ
2600 3559 2716 3601 συ-

523 3645 772 3739 νήθους
823 3654 954 3715 τῶν
994 3646 1350 3736 Προλόγων
1390 3654 1650 3737 μορφῆς
1706 3643 1874 3715 ἀλλὰ
1916 3647 2089 3714 πολύ
2133 3650 2382 3732 μᾶλλον
2425 3670 2717 3734 συμμορ-

526 3766 770 3850 φοῢται
811 3757 975 3849 αὐτῇ
994 3784 1009 3800 ·
1052 3759 1165 3827 καὶ
1209 3754 1360 3827 οὔτε
1389 3757 1696 3850 φαίνεται
1738 3757 2054 3842 πιθανὸν,
2102 3757 2565 3848 προστίθησιν,
2610 3756 2720 3827 ὅτι

527 3868 565 3941 ὅ
613 3872 892 3964 ποιητὴς
931 3868 1133 3954 εὐθὺς
1175 3873 1244 3940 ἐν
1284 3868 1462 3961 ἀρχῇ,
1510 3869 1601 3953 ὥς
1631 3870 2102 3961 παρουσιάσθη
2145 3871 2263 3940 ἐπὶ
2304 3877 2421 3962 τῆς
2462 3879 2717 3962 σκηνῆς,

528 3983 848 4074 ἐτόλμησε
908 3981 988 4050 νὰ
1052 3980 1362 4073 εἰσαγάγῃ
1415 3978 1745 4052 τοιοῦτον
1767 3980 2195 4076 νεωτερισμὸν
2255 3980 2367 4048 καὶ
2429 3978 2721 4065 μάλιστα

528 4091 688 4160 ὅταν
746 4089 1290 4179 ἀναλογισθῶμεν
1356 4090 1463 4161 ὅτι
1520 4087 1652 4176 εἶχε
1716 4092 1796 4161 νὰ
1853 4097 2312 4182 συναγωνισθῇ
2370 4091 2540 4181 πρὸς
2605 4093 2720 4160 τὸν
2793 4101 2800 4108 “

530 4197 871 4285 Αἰσχύλον
923 4201 1036 4269 καὶ
1078 4206 1440 4292 Σοφοκλῆν.
1528 4203 1667 4271 Καὶ
1707 4202 2016 4292 ὁμολογεῖ
2067 4203 2140 4270 δὲ
2183 4201 2381 4284 αὐτὸς
2421 4196 2611 4286 οὗτος
2653 4205 2720 4272 ἐν
