3117 4759
1576 270 1616 335 8

675 456 804 546 Τὴν
844 444 1100 545 γνώμην
1129 456 1369 547 ταύτην
1414 458 1861 547 ἐκτενέστερον
1889 454 2373 546 ἀνεπτυγμένην
2404 454 2695 544 εὕρίσκο-

495 596 614 654 μεν
657 570 840 656 παρὰ
885 575 980 658 τῷ
1022 576 1270 660 ποιητῇ
1310 573 1579 658 Lessing
1621 571 1720 651 (έν
1761 577 1843 659 τῇ
1884 573 2394 658 Hamburgisohe
2424 574 2697 639 Drama-

496 686 709 768 turgio
749 682 817 749 ἐν
853 688 881 749 1
918 680 1064 767 τόμ.
1113 684 1244 749 σει.
1276 685 1531 751 48-49
1579 683 1708 750 ἐκεῖ.
1742 691 1962 772 Λειψ.
2002 687 2215 766 1841).
2295 665 2699 770 ζορμώμιψος

497 793 570 861 ἐκ
626 799 744 881 τῆς
794 788 993 882 ἀρχῆς
1050 790 1157 860 ὅτι
1212 790 1251 882 ἦ
1313 794 1641 881 τραγῳδία
1697 795 1812 863 δὲν
1858 797 2106 880 πρέπει
2162 793 2242 861 νὰ
2296 794 2572 885 έπιζητῇ
2616 791 2700 864 δι’

495 900 903 992 ἀπροόπτων
946 903 1057 971 καὶ
1102 901 1618 996 ἀπροσδοκήτων
1662 913 2101 993 περιπετειῶν
2145 907 2223 974 νὰ
2267 904 2547 998 ἐξεγείρῃ
2586 909 2701 976 καὶ

499 1013 937 1107 ἷκανοποιήσῃ
995 1015 1073 1083 τὸ
1134 1017 1517 1106 ἓνδιαφέρον
1578 1017 1897 1107 ἐπιχειρεῖ
1953 1016 2032 1085 νά
2077 1015 2508 1109 ὖπερασπίσῃ
2549 1018 2702 1100 τούς

497 1124 963 1214 Εὕριπιδείους
1005 1126 1402 1216 Προλόγους.
1490 1128 1630 1196 Καὶ
1689 1135 1917 1219 φρονεῖ
1979 1128 2220 1197 λοιπὸν
2276 1127 2384 1198 ὅτι
2427 1129 2464 1197 ὅ
2507 1129 2700 1220 Εὐρι-

497 1238 698 1329 πίδης
750 1236 1039 1320 οὕδόλως
1112 1237 1408 1321 έδίσταζε
1467 1238 1547 1306 νὰ
1601 1238 1880 1331 γνωρίσῃ
1942 1246 2086 1320 τοῖς
2160 1237 2514 1331 ἀκροαταῖς
2571 1242 2705 1330 πρὸ

471 1356 612 1440 ’τῆς
669 1348 968 1438 πράξεως
1027 1345 1154 1416 ὅσα
1206 1345 1409 1433 μόνον
1459 1347 1626 1429 θεὸς
1683 1344 1965 1439 η’δύνατο
2009 1350 2089 1416 vde
2134 1348 2552 1441 προγινώσκῃ
2594 1349 2707 1417 καί

497 1454 572 1549 ἦν
634 1457 921 1550 ἐνταύτῷ
978 1462 1250 1547 βέβαιος
1311 1457 1416 1528 ὅτι
1481 1458 1583 1526 θὰ
1642 1459 1920 1551 ἐξεγείρῃ
1973 1460 2093 1528 τὸν
2150 1455 2372 1528 οἶκτον
2424 1461 2537 1528 καὶ
2590 1460 2706 1529 τὸν

496 1570 708 1660 φόβον
776 1568 935 1654 οὐχὶ·
977 1569 1088 1639 διὰ
1129 1577 1249 1638 τοῦ
1289 1571 1645 1655 μέλλοντος
1686 1571 1999 1656 γενέσθαι
2059 1568 2196 1659 ὅσῳ
2240 1570 2351 1639 διὰ
2394 1577 2513 1638 τοῦ
2552 1567 2707 1660 τρό-

840 1679 858 1705 )
903 1675 939 1706 (ἱ
1025 1680 1064 1706 ν
1876 1675 1913 1705 (ἱ
2011 1679 2029 1705 t

498 1708 652 1765 που,
700 1690 843 1749 καθ
902 1709 976 1750 ον
1019 1684 1247 1767 εμελλε
1289 1686 1623 1769 γενέσθαι,
1672 1680 1827 1750 καθ’
1873 1708 1948 1749 ον
1990 1709 2029 1772 η
2077 1682 2439 1772 δραματικὴ
2473 1686 2711 1769 πρᾶξις

496 1794 726 1882 ἔμελλε
796 1794 875 1862 νὰ
950 1791 1347 1885 ἀναπτυχθῇ
1416 1793 1549 1883 πρό
1630 1801 1761 1861 τῶν
1836 1790 2149 1879 ὀμμάτων
2222 1800 2353 1861 τῶν
2424 1802 2706 1863 θεατῶν.

488 1906 694 1977 Ἀλλὰ
737 1908 872 1975 καί
895 1910 1260 1995 περαιτέρω
1301 1906 1402 1977 ἔτι
1446 1906 1795 1996 προβαίνει
1836 1905 1873 1973 ὁ
1918 1905 2283 1994 Λεσίγγιος
2302 1932 2317 1948 ·
2364 1906 2454 1997 μὴ
2499 1930 2736 1995 παρα-·

497 2020 840 2106 δεχόμενος
883 2022 1080 2111 δῆλον
1121 2018 1228 2088 ὅτι
1273 2020 1390 2109 τὴν
1433 2018 1733 2109 μομφὴν,
1802 2011 1880 2108 ἢν
1922 2016 1987 2086 οἱ
2035 2020 2371 2109 σύγχρονοι
2431 2021 2712 2110 κριτικοὶ

495 2129 920 2214 πολλαχόθεν
962 2130 1129 2197 κατὰ
1172 2136 1291 2220 τῆς
1320 2127 1746 2218 Εὖριπιδείου
1775 2130 1999 2220 τέχνης
2050 2129 2164 2198 καὶ
2206 2137 2339 2198 τῶν
2368 2131 2715 2222 προλόγων

497 2239 632 2331 ἰδίᾳ
675 2237 1048 2324 ἀπέτεινον,
1095 2238 1203 2308 ὅτι
1247 2242 1382 2331 δηλ.
1430 2246 1647 2320 κακῶς
1689 2240 1980 2331 ποιήσας
2030 2243 2140 2310 δέν
2183 2243 2712 2335 προσεπάθησεν

493 2350 529 2419 ὁ
574 2349 941 2443 Εὐριπίδης
984 2352 1063 2419 νὰ
1111 2351 1289 2443 δώσῃ
1332 2350 1489 2442 ἡμῖν
1531 2352 1650 2443 τὴν
1694 2349 2051 2439 ἀναγκαίαν
2093 2362 2333 2441 γνῶσιν
2376 2362 2495 2423 τοῦ
2536 2380 2705 2444 παρ-

493 2463 811 2544 ελθόντος
853 2464 966 2530 καὶ
1008 2472 1127 2531 τοῦ
1169 2462 1238 2533 ἓν
1296 2470 1392 2553 τῷ
1437 2462 1720 2551 δράματι
1762 2465 2118 2549 μέλλοντος
2162 2462 2246 2534 δι’
2289 2461 2490 2556 ίίλλης
2530 2468 2707 2548 τινὸς

494 2577 895 2663 λεπτοτέρας
949 2577 1172 2666 τέχνης
1227 2572 1370 2644 ἀλλ’
1427 2575 1535 2644 ὅτι
1590 2576 2206 2666 μεταχειρισάμενος
2260 2574 2579 2669 ἀνώτερόν
2636 2607 2705 2649 τι

493 2685 568 2756 ’όν
624 2688 739 2757 τὸν
804 2693 962 2759 deus
1008 2715 1086 2758 ex
1143 2692 1443 2759 machina
1497 2688 1589 2779 μὴ
1643 2691 1912 2774 μετέχον
1968 2684 2181 2771 άλλως
2236 2698 2355 2782 τῆς
2411 2691 2707 2781 πράξεως

496 2802 610 2871 καὶ
653 2800 827 2891 πρὸς
871 2800 1025 2883 τοὺς
1067 2797 1394 2890 ἀκροατὰς
1429 2798 1572 2869 κατ’
1614 2800 1886 2870 εὕθεῖαν
1927 2798 2514 2894 ἀποστρεφόμενον
2556 2805 2705 2874 ἀνέ-

495 2921 677 3002 μιξεν
734 2912 830 2996 εἷς
885 2913 1002 3004 τὴν
1055 2913 1362 3003 τραγικὴν
1405 2911 1681 3003 ποίησιν
1736 2913 1849 2980 καὶ
1893 2914 2358 3003 διηγηματικόν
2401 2941 2548 2983 τινα
2589 2924 2709 2985 τοῦ

498 3027 701 3108 ἔπους
741 3032 1142 3116 χαρακτῆρα,
1205 3025 1296 3114 μὴ
1342 3023 1643 3113 έγκρίνων
1689 3024 1807 3115 τὴν
1854 3023 2163 3106 δοξασίαν
2203 3024 2443 3114 ταύτην
2485 3023 2522 3093 ὁ
2564 3051 2705 3113 γερ,

496 3136 702 3223 μανὸς
761 3134 1043 3226 ποιητὴς
1102 3141 1344 3223 θεωρεῖ
1401 3131 1604 3225 αὐτὴν
1659 3131 1928 3217 ἀναξίαν
1985 3141 2104 3201 τοῦ
2162 3134 2537 3220 πνεύματος
2592 3145 2710 3207 τοῦ

500 3231 886 3336 Εὐριπίδου.
976 3246 1212 3330 Διότι,
1275 3246 1749 3336 προοτίθησιν,
1812 3243 1957 3330 οὐχὶ
2003 3241 2153 3315 ἄνευ
2212 3246 2407 3336 λόγου
2450 3248 2707 3337 ὠνόμα-

503 3385 615 3429 σεν
659 3357 695 3428 ὅ
727 3357 1188 3450 Ἀριστοτέλης
1231 3357 1347 3427 τὸν
1391 3353 1704 3449 ἡμέτερον
1748 3359 2034 3447 ποιητὴν
2077 3357 2579 3447 τραγικώτατον,
2627 3357 2711 3429 δι’

507 3463 583 3538 οὗ
629 3469 666 3539 o‘
711 3469 1081 3561 φιλόσοφος
1122 3471 1236 3538 καὶ
1280 3464 1484 3550 ἄλλας
1524 3468 1645 3553 μὲν
1697 3474 1815 3535 τοῦ
1860 3464 2129 3555 ἀρχαίου
2186 3477 2497 3556 τραγικοῦ
2539 3468 2707 3538 ἰδιό-

498 3606 698 3670 τητας
739 3575 904 3664 εἶχεν
946 3576 1061 3647 ὑπ’
1098 3575 1284 3669 ὄψιν,
1331 3575 1473 3647 ἀλλ’
1512 3575 1612 3659 εἷς
1654 3573 1855 3658 αὐτὰς
1908 3575 2177 3659 πάντως
2221 3578 2713 3667 ἐνεκατερίθμει

505 3692 617 3759 καὶ
678 3691 795 3780 τὴν
852 3693 1077 3780 τέχνην
1136 3697 1267 3759 τῶν
1310 3688 1699 3779 Προλόγων,
1763 3685 1923 3757 καθ’
1966 3682 2044 3779 ἣν
2088 3688 2530 3780 προεσήμαινε
2570 3697 2714 3772 τοῖς

502 3808 783 3884 θεαταῖς
842 3803 959 3892 τὴν
1020 3800 1364 3886 δυστυχίαν
1423 3800 1569 3893 ἣτις
1631 3801 1861 3887 έζιιελλε
1923 3800 2003 3869 νὰ
2058 3802 2398 3894 καταλάβῃ
2453 3803 2538 3871 τὰ
2594 3812 2715 3872 τοῦ

506 3913 834 4004 δράματος
891 3912 1258 4003 πρόσωπα,
1339 3912 1525 3995 ὅπως
1588 3913 1700 3980 καὶ
1760 3912 1931 3981 οὕτω
1990 3912 2268 4004 διεγείρῃ
2322 3914 2438 3982 τὸν
2494 3910 2715 3983 οἶκτον

506 4023 675 4116 ὑπὲρ
742 4031 873 4093 τῶν
939 4025 1322 4112 προσώπων
1381 4026 1494 4093 καὶ
1554 4024 1668 4093 ἐὰν
1736 4024 1905 4093 αὔτὰ
1962 4024 2310 4093 ἐπίστευον
2379 4023 2484 4095 ὅτι
2539 4010 2712 4095 πολυ

505 4132 782 4221 ἀπεῖχον
851 4135 952 4205 έτι
1019 4137 1098 4203 νά
1161 4144 1604 4228 θεωρηθῶσιν
1667 4132 1817 4223 ἄξια
1882 4133 2121 4205 οἴκτου.
2235 4132 2339 4205 Ἐν
2416 4138 2716 4229 συντόμῳ
