3117 4759
1632 380 1716 472 28,

747 569 916 659 Περὶ
958 576 1073 660 τῆς
1114 568 1252 638 ὑπὸ
1294 576 1411 638 τοῦ
1455 572 1747 656 Schlegel
1789 570 2254 657 (Vorlesungen
2309 568 2470 635 iiber
2514 568 2771 634 drama-

578 685 783 753 tisehe
825 686 1036 752 Kunst
1093 686 1229 750 und
1270 686 1631 751 Litteratur
1689 705 1748 750 σ.
1790 685 1944 765 215)
2003 676 2446 768 ἐξενεχθείσης
2500 674 2774 764 κρίσεως

579 792 689 859 καὶ
731 800 848 883 τῆς
893 787 1129 879 ὄμοίας
1172 792 1325 882 περὶ
1366 799 1484 883 τῆς
1524 799 1655 894 τῶν
1697 787 2134 878 Εὐριπιδείων
2177 785 2535 879 Προλόγων
2577 784 2774 876 ἀρχῆς

581 900 993 994 ἀντιλήψεως
1045 910 1162 972 τοῦ
1219 907 1295 971 G.
1350 897 1680 973 Hermann
1739 903 1836 986 (ἐν
1891 904 2172 971 Praefat.
2227 902 2521 989 Sophoel.
2567 902 2768 967 Eleot.

581 1039 642 1082 σ.
663 1018 766 1105 X)
809 1013 913 1084 ὅτι
953 1013 1273 1107 ᾗσθάνθή
1316 1016 1433 1106 τὴν
1475 1013 1756 1105 ἀνάγκην
1799 1013 2114 1085 τοιούτων
2155 1013 2513 1103 Προλόγων
2557 1008 2594 1079 ὃ
2636 1008 2771 1080 Εὗ-

577 1125 847 1214 ριπίδης
890 1124 1059 1194 διότι
1102 1125 1502 1217 μετεποίησε
1544 1126 1698 1207 τοὺς
1741 1126 2065 1207 παλαιοὺς
2105 1125 2364 1211 μύθους
2400 1124 2567 1192 κατὰ
2597 1123 2772 1191 πολὺ

579 1232 999 1326 ώμιλήσαμεν
1039 1233 1160 1327 ἤδη
1206 1237 1480 1319 ἐκτενῶς
1523 1239 1593 1306 ἐν
1633 1244 1729 1328 τῷ
1772 1237 2015 1328 πρώτῳ
2060 1239 2293 1328 Μέρει.

747 1344 821 1416 Ὁ
865 1350 1025 1417 Voss
1084 1347 1178 1430 (ἐν
1219 1355 1315 1436 τῷ
1367 1345 1543 1438 αὐτῷ
1584 1347 1851 1438 βιβλίῳ)
1913 1348 2303 1418 διατείνεται
2359 1344 2519 1416 αὖτὸ
2575 1353 2771 1415 τοῦτο

578 1454 746 1547 ’ὅπερ
803 1453 925 1548 ἤδη
980 1454 1017 1526 ὁ
1061 1461 1113 1526 F
1113 1462 1419 1528 irnhaber
1473 1458 1582 1529 ὅτι
1635 1457 1671 1529 ὅ
1718 1457 2083 1552 Εὐριπίδης
2136 1458 2437 1551 εἰσήγαγε
2490 1458 2568 1526 τὸ
2627 1459 2772 1527 νέον

577 1572 761 1659 γένος
800 1578 931 1638 τῶν
975 1574 1452 1662 διηγηματικῶν
1493 1572 1852 1662 Προλόγων
1904 1571 2062 1640 καθ’
2104 1564 2178 1639 ὃν
2217 1570 2446 1660 χρόνον
2489 1569 2599 1638 διὰ
2641 1575 2773 1636 τῶν

588 1688 930 1771 Θεωρικῶν
986 1691 1104 1753 τοῦ
1146 1684 1540 1773 Περικλέους
1594 1681 1913 1774 εἶσέρῤεον
1956 1681 2052 1764 εἰς
2102 1681 2179 1751 τὸ
2222 1684 2508 1769 θέατρον
2550 1681 2662 1749 καὶ
2706 1678 2774 1749 οὶ

580 1792 950 1863 κοινότατοι
1006 1800 1137 1861 τῶν
1195 1796 1490 1860 πολιτῶν
1552 1793 1664 1861 καὶ
1719 1790 1826 1862 ὅτι
1880 1790 2220 1878 ἑπομένως
2272 1789 2689 1880 χαριζόμενος
2734 1790 2771 1859 ὖ

580 1905 861 1996 ποιητὴς
903 1903 999 1986 εἶς
1043 1902 1324 1985 ἐκείνους
1367 1904 1575 1996 ἐζήτει
1619 1904 1729 1973 διὰ
1772 1900 2071 1973 τοιούτου
2112 1905 2317 1990 μέσου
2361 1903 2439 1971 νὰ
2481 1900 2774 1992 ὑποβοη-

581 2017 760 2109 θήσῃ
804 2018 922 2108 τὴν
966 2014 1230 2106 ὂίγνοιαν
1269 2023 1400 2086 τῶν
1443 2024 1725 2086 θεατῶν.
1807 2015 1955 2085 Ἐὰν
1998 2015 2175 2102 ὅμως
2214 2023 2411 2085 τοῦτο
2457 2010 2622 2101 εἶχεν
2666 2011 2772 2105 ὄρ-

579 2138 743 2214 θῶς,
789 2128 1042 2219 ἔπρεπε
1083 2130 1234 2198 τότε
1275 2129 1387 2197 καὶ
1430 2128 1465 2197 ὅ
1499 2132 1843 2220 Σοφοκλῆς
1886 2128 1954 2197 ἐν
1996 2134 2140 2209 τοῖς
2181 2125 2578 2207 τελευταίοις
2622 2124 2774 2217 δρά-

578 2265 746 2327 μασι
802 2237 1227 2326 τοάλάχιστον
1283 2240 1610 2310 διδάσκων
1667 2239 1799 2330 πρὸ
1854 2247 1986 2308 τῶν
2042 2239 2256 2309 αὐτῶν
2313 2236 2648 2331 ἀκροατῶν
2692 2238 2772 2307 νὰ

581 2359 1053 2443 μεταχειρισθῇ
1094 2352 1393 2422 τοιοῦτόν
1433 2379 1501 2421 τι
1542 2354 1764 2439 μέσον.
1841 2350 2046 2423 ,Ἀλλὰ
2094 2352 2269 2443 πλὴν
2311 2351 2545 2421 τούτου
2588 2348 2772 2421 εὐλό-

580 2490 709 2550 γως
752 2467 1222 2554 διαμφισβητεῖ
1262 2463 1298 2533 ὁ
1333 2468 1596 2534 Ellendt
1637 2465 1754 2555 τὴν
1795 2462 2281 2556 ἀποδιδομένην
2321 2462 2619 2552 ἀμαθίαν
2662 2465 2776 2533 καὶ

581 2572 847 2665 ἷὶγνοιαν
892 2577 1047 2663 περὶ
1088 2577 1171 2644 τὰ
1216 2577 1334 2646 ἐπὶ
1380 2584 1616 2668 σκηνῆς
1660 2577 2096 2664 διδασκόμενα
2140 2577 2235 2660 εἷς
2277 2578 2429 2660 τοὺς
2457 2576 2776 2668 Ἀθηναί-

583 2714 694 2768 ους
736 2685 1045 2770 πολίτας,
1107 2689 1343 2768 οἵτινες
1383 2684 1521 2756 ἀπὸ
1569 2692 1882 2780 παιδικῆς
1924 2688 2182 2779 ἡλικίας
2227 2689 2662 2779 ἐντρυφῶντες
2707 2689 2775 2757 ἐν

578 2806 665 2890 τῇ
706 2801 941 2889 μελέτῃ
998 2805 1129 2866 τῶν
1188 2798 1436 2866 ἐπικῶν
1479 2800 1593 2868 καὶ
1636 2802 1909 2889 λυρικῶν
1966 2798 2354 2890 ποιημάτων
2396 2792 2561 2889 ἦσαν
2601 2798 2772 2890 ὑπὲρ

581 2912 801 2980 πάντα
858 2908 1056 2980 ἄλλον
1113 2910 1271 2978 λαὸν
1328 2909 1596 2978 κάλλιον
1647 2914 2380 3000 προπαρεσκευασμένοι
2433 2910 2530 2993 εἷς
2571 2913 2647 2981 τὸ
2693 2914 2772 2981 νὰ
2875 2945 2890 2956 ³

581 3020 1184 3109 ἀντιλαμβάνωνται
1245 3019 1356 3088 καὶ
1414 3028 1822 3090 κατανοῶσιν
1879 3019 2004 3090 ὅσα
2061 3019 2126 3091 οἱ
2167 3022 2459 3112 τραγικοὶ
2500 3023 2773 3112 προετί-

581 3142 794 3204 θεσαν
838 3130 1082 3215 αὐτοῖς,
1127 3132 1231 3201 διὸ
1274 3132 1594 3201 κάλλιστα
1636 3132 1746 3200 καὶ
1800 3131 1835 3200 ὁ
1882 3136 2144 3203 Ellendt
2189 3144 2277 3219 (σ.
2310 3137 2421 3222 36)
2482 3139 2773 3204 “Deinde

582 3252 635 3315 si
680 3252 824 3333 quis
867 3250 1064 3315 etiam
1109 3250 1415 3316 historiae
1460 3251 1713 3333 patriae
1758 3251 2020 3334 ignarus
2053 3257 2211 3330 erat,
2257 3272 2386 3316 non
2415 3250 2602 3316 facile
2633 3250 2772 3315 fieri

580 3362 811 3447 potuit,
857 3366 931 3427 ut
959 3359 1188 3427 Thesei
1215 3361 1551 3441 factorum,
1600 3361 2012 3446 tribuumque
2044 3363 2304 3446 originis
2333 3362 2536 3428 multo
2567 3363 2772 3427 minus

578 3472 1072 3558 praecipuarum
1112 3470 1479 3537 fabularum
1511 3473 1672 3556 eyeli
1700 3472 1963 3558 mythiei
1994 3495 2121 3538 non
2148 3475 2560 3549 meminisset,
2606 3495 2773 3556 quae

570 3584 710 3668 jam
751 3581 1013 3648 Homeri
1058 3582 1443 3647 carminibus
1487 3583 1781 3648 omnibus
1814 3583 2122 3649 Graeciae
2164 3584 2418 3669 populis
2461 3585 2558 3650 ita
2601 3605 2772 3649 eom-

581 3717 807 3762 munes
849 3699 1052 3773 erant,
1097 3699 1172 3758 ut
1201 3694 1439 3759 nedum
1468 3694 1798 3774 Boeotum,
1847 3696 2102 3760 minime
2136 3715 2286 3761 vero
2316 3695 2772 3761 Atheniensem

582 3807 805 3892 fugere
849 3810 1175 3889 possent“.
1227 3798 1313 3869 ἴδ.
1359 3802 1469 3870 καὶ
1512 3800 1637 3872 ὅσα
1679 3800 2023 3872 ἀντιτείνει
2064 3802 2232 3871 κατὰ
2274 3811 2391 3871 τοῦ
2432 3806 2774 3873 Eiohst‘adt

583 3916 902 3994 θέλοντος
945 3912 1024 3979 νά
1064 3909 1469 4004 ὖποστηρίξῃ
1512 3914 1632 4005 τὴν
1661 3914 1917 4005 γνώμην
1958 3941 2075 3983 του
2120 3915 2191 3984 ἐκ
2220 3923 2336 3983 τοῦ
2373 3912 2613 4004 χωρίου
2654 3920 2774 3983 τοῦ

567 4025 894 4115 Ἀριστοτ.
938 4033 1175 4114 Ποιητ.
1219 4030 1280 4109 9,
1324 4030 1409 4095 25
1451 4024 1584 4096 ἐκδ.
1628 4031 1976 4098 Hermann.
2043 4025 2303 4108 ’.Ἀλλως
2345 4030 2416 4096 δὲ
2459 4027 2617 4116 περὶ
2658 4035 2774 4117 τῆς

584 4140 829 4225 λεπτῆς
869 4143 1001 4203 τῶν
1043 4130 1325 4204 ἀττικῶν
1379 4140 1672 4207 πολιτῶν
1714 4135 2129 4229 ἀντιλήψεως
2181 4137 2563 4228 διαφωτίζει
2603 4137 2775 4228 ἡμᾶς

585 4247 822 4328 ἱκανῶς
862 4246 976 4314 καὶ
1017 4245 1054 4315 ὁ
1099 4251 1540 4338 Δημοσθένης
1586 4251 1653 4318 ἐν
1693 4248 1820 4321 Ὀλ.
1866 4260 1940 4335 Γ,
1984 4255 2067 4321 32
2128 4250 2280 4319 “noel
2321 4257 2557 4338 γνῶναι
2600 4250 2774 4319 πάν-

585 4385 715 4429 των
756 4357 942 4443 ὑμεῖς
981 4354 1280 4442 ὀξύτατοι
1323 4361 1405 4429 τὰ
1450 4363 1798 4450 ρηθένταιῑ.
