3117 4759
1465 343 1541 410 11

407 526 540 597 ὑπὸ
598 537 716 599 τοῦ
773 531 1192 622 θεράποντος
1250 530 1834 619 ἀπαγγελλομένων
1848 582 1864 613 ,
1937 527 2049 597 ὅτε
2107 529 2495 617 παρέρχεται
2552 518 2592 616 ἦ

403 638 720 732 Ἠλέκτρα
744 641 860 712 τὸν
881 640 1183 733 α’μφορέα
1206 643 1324 711 ἐπὶ
1344 645 1632 733 κεφαλῆς
1653 642 2130 730 ἐπικαλουμένη
2150 640 2268 731 τὴν
2282 642 2593 726 μέλαιναν

405 748 620 833 νύκτα,
669 750 939 821 δύναται
981 752 1246 834 πάντως
1287 752 1365 820 νὰ
1411 760 1792 843 κατανοηθῇ
1830 751 1870 844 ἦ
1913 751 2245 842 ὑπόθεσις
2281 758 2402 842 τῆς
2444 778 2595 842 τρα-

404 860 646 950 γῳδίας
688 861 927 951 καίπερ
970 862 1104 931 ὑπὸ
1148 871 1268 932 τοῦ
1309 873 1615 954 τραγικοῦ
1658 864 1842 956 ἡμῶν
1870 867 2386 954 μεταβληθεῖσα.
2455 863 2597 931 Καὶ

404 973 474 1041 ἐν
515 956 597 1063 τῇ
631 973 852 1065 Ἑλένῃ
895 973 1101 1044 πάλιν
1143 974 1254 1043 ἐὰν
1283 971 1609 1067 α’φαιρέσῃ
1650 1002 1756 1057 τις
1792 975 1947 1057 τοὺς
1991 980 2070 1043 77
2105 974 2407 1064 πρώτους
2452 972 2594 1043 στί-

401 1109 570 1168 χους,
615 1081 772 1169 μεθ’
815 1078 927 1165 οὓς
971 1085 1361 1174 παρέρχεται
1404 1084 1441 1153 ὁ
1476 1092 1760 1175 Τεῦκρος
1801 1085 1914 1153 καὶ
1945 1083 2263 1153 συνάπτει
2293 1083 2595 1171 διάλογον

404 1192 569 1279 μετὰ
611 1201 727 1282 τῆς
766 1194 1093 1284 θυγατρὸς
1134 1201 1253 1263 τοῦ
1296 1195 1492 1278 Διὸς,
1548 1195 1956 1265 καθίσταται
2003 1195 2113 1263 καὶ
2157 1194 2328 1264 οὕτω
2373 1193 2594 1286 εύνόη-

404 1330 518 1385 τος
573 1303 612 1395 ἦ
675 1304 1020 1395 τραγῳδία.
1107 1303 1413 1393 Εὔλόγως
1454 1307 1526 1375 δὲ
1570 1306 1681 1375 καὶ
1738 1305 1775 1374 ὁ
1820 1311 1926 1375 Fr.
1969 1311 2249 1377 Raumer
2290 1310 2598 1397 (Hisssori-

406 1423 590 1487 sches
637 1422 1100 1489 Tasehenbueh
1135 1423 1327 1508 1841)
1370 1418 1510 1487 ὑπὸ
1554 1420 1670 1488 τὸν
1697 1418 1914 1488 τίτλεν
1942 1423 2389 1508 Randglossen
2420 1425 2597 1496 eines

405 1534 605 1600 Laien
648 1555 793 1600 zum
834 1533 1204 1617 Euripides)
1262 1524 1709 1618 ἀποφαίνεται
1765 1527 1871 1598 ὅτι
1927 1528 1965 1620 ἡ
2004 1527 2222 1620 Ἑλένη
2281 1528 2394 1597 καὶ
2446 1525 2597 1598 ἄνευ

404 1647 520 1708 τοῦ
561 1639 891 1729 προλόγου
933 1639 1034 1707 θὰ
1075 1633 1194 1730 ἦτο
1237 1640 1600 1731 κατανοητὴ
1644 1644 1825 1709 “Wir
1867 1644 2122 1723 wollen,
2168 1643 2370 1729 λέγει,
2414 1648 2598 1713 nieht

405 1758 523 1821 mit
565 1756 711 1821 dem
739 1755 973 1839 Prolog
1014 1776 1138 1819 von
1165 1751 1415 1819 Helena
1442 1754 1727 1833 rechten,
1774 1754 1890 1820 der
1932 1777 2053 1820 uns
2084 1755 2289 1839 Dinge
2329 1757 2595 1836 61·τᾶ11113,

403 1866 641 1932 welche
684 1865 865 1931 nieht
907 1864 1218 1930 zun'eichst
1254 1864 1514 1930 hierher
1544 1865 1828 1947 geh‘dren
1872 1866 2007 1931 und
2037 1867 2277 1933 andere
2306 1868 2597 1952 dagegen

403 1974 818 2058 versehweigt
832 2024 847 2053 ,
915 1975 1018 2040 die
1072 1997 1194 2041 uns
1250 1975 1433 2041 mehr
1491 1977 1792 2059 angehen·
1846 1977 2137 2055 durftem
2209 1979 2323 2043 wir
2365 1980 2594 2046 wellen

403 2107 527 2150 nur
572 2087 810 2151 darauf
845 2086 1278 2152 aufmerksam
1319 2087 1591 2153 macheu
1609 2138 1623 2166 ,
1673 2088 1823 2155 dass
1869 2088 2070 2156 selbst
2112 2089 2284 2169 hier,
2350 2112 2447 2156 wo
2492 2091 2595 2158 die

404 2195 602 2262 Fabel
644 2219 767 2262 von
813 2198 929 2264 der
971 2198 1458 2281 gewiihnliohen
1517 2222 1590 2266 so
1634 2202 1786 2267 sehr
1829 2199 2171 2279 abweieht‚
2236 2200 2351 2266 das
2397 2200 2597 2266 Stiick

406 2307 699 2375 dennoch
741 2309 908 2375 ohne
950 2311 1140 2394 jeden
1181 2311 1416 2394 Prolog
1460 2313 1898 2378 varstandlioh
1941 2313 2204 2379 bleibt‘a
2225 2324 2244 2334 ⁹

574 2427 638 2502 γ)
693 2416 782 2484 Τὸ
829 2417 900 2485 δὲ
943 2415 1162 2506 τρίτον
1203 2416 1370 2506 ὅπερ
1413 2416 1877 2487 ἀντιτάσσεται
1920 2417 2088 2485 κατὰ
2129 2424 2246 2506 τῆς
2290 2416 2598 2502 δοξασίας

403 2533 534 2594 τῶν
591 2525 704 2594 δύο
734 2529 1337 2617 μνημονευθέντων
1381 2536 1683 2619 κριτικῶν
1727 2525 1856 2598 εἶνε
1910 2527 2015 2598 ὅτι
2055 2526 2192 2598 ὑπὸ
2236 2535 2353 2621 τῆς
2396 2526 2595 2618 α’νάγ-

405 2667 538 2731 κης,
585 2638 693 2730 ὑφ’
735 2634 813 2731 ἧς
854 2640 994 2708 κατ’
1023 2640 1258 2723 αὐτοὺς
1287 2641 1619 2727 κατείχετο
1662 2640 1698 2709 ὁ
1729 2640 2098 2733 Εὐριπίδης
2130 2644 2285 2732 περὶ
2321 2644 2438 2735 τὴν
2467 2650 2598 2711 τῶν

406 2755 747 2840 προλόγων
795 2759 1056 2843 χρῆσιν,
1124 2755 1261 2821 ὑπὸ
1318 2762 1435 2842 τῆς
1492 2753 1693 2845 αὐτῆς
1747 2752 2025 2846 ἀνάγκης
2078 2755 2331 2847 ἔπρεπε
2374 2758 2485 2825 καὶ
2531 2755 2595 2825 οἶ

408 2865 523 2934 δύο
581 2868 1079 2955 προγενέστεροι
1134 2868 1427 2955 τραγικοὶ
1472 2866 1550 2934 νὰ
1594 2869 2019 2953 κατέχωνται,
2083 2867 2255 2938 διότι
2301 2872 2438 2958 δηλ.
2485 2869 2597 2936 καὶ

407 2971 577 3046 οἷτοι
633 2974 1079 3067 μετεποίησαν
1137 2976 1358 3046 πολλὰ
1419 2978 1487 3047 έν
1543 2986 1625 3068 τῇ
1680 2986 1812 3046 τῶν
1868 2977 2105 3064 μύθων
2150 2976 2597 3069 ἐπεξεργασίᾳ.

389 3089 616 3172 Ὅπως
658 3097 1050 3177 πεισθῶμεν
1090 3092 1243 3181 περὶ
1286 3090 1552 3175 τούτου,
1618 3087 1746 3159 εἶνε
1789 3087 2033 3180 α’νάγκη
2075 3090 2154 3157 νά
2198 3089 2598 3176 ἐξετάσωμεν

406 3201 522 3268 τὸν
564 3202 829 3290 τρόπον,
877 3201 1034 3272 καθ’
1077 3201 1152 3272 ὅν
1192 3201 1227 3272 ὅ
1272 3201 1616 3287 Αἰσχύλος
1659 3200 1769 3267 καὶ
1813 3198 1849 3267 0‘
1895 3203 2238 3289 Σοφοκλῆς
2281 3203 2597 3289 διεπραγ-

406 3311 811 3397 ματεύσαντο
866 3317 1008 3395 τοὶς
1064 3314 1301 3395 αὐτοὺς
1354 3314 1615 3399 μύθους
1659 3311 1773 3393 οῧς
1816 3310 1880 3380 οἶ
1937 3311 2070 3400 πρὸ
2113 3309 2327 3385 αὐτῶν
2374 3311 2599 3380 ἐπικοὶ

407 3424 518 3492 καὶ
561 3423 810 3512 λυρικοὶ
853 3425 1251 3510 ἐξετίθεσαν.

394 3536 400 3539 “
579 3538 717 3604 Καὶ
760 3537 838 3626 δὴ
897 3536 933 3603 ὅ
977 3539 1272 3604 Weleker
1333 3536 1401 3603 ἐν
1442 3544 1524 3625 τῇ
1566 3540 1900 3625 συγγραφῇ
1945 3531 2146 3601 αὑτοῦ
2191 3537 2271 3602 (16
2314 3537 2597 3623 Aeschy-

405 3657 521 3721 leis
565 3653 860 3736 Trilogiis
919 3649 1030 3715 καὶ
1085 3645 1289 3714 πάλιν
1347 3647 1415 3715 έν
1455 3652 1643 3735 Epioi
1688 3651 1861 3735 Cyeli
1904 3644 2389 3737 ἄναφερόμενος
2428 3647 2599 3737 πρὸς

403 3760 524 3841 τὰς
584 3757 985 3843 αἰσχυλείους
1044 3755 1409 3848 τραγῳδίας
1468 3759 1527 3824 δι
1536 3756 1748 3844 ἰ’σχυρί
1750 3760 1925 3839 ζεται
1992 3755 2099 3824 ὅτι
2162 3753 2200 3823 ὁ
2260 3755 2600 3842 Αἰσχύλος

404 3867 814 3960 ἠκολούθησε
866 3874 1127 3947 πιστῶς
1183 3865 1294 3933 καὶ
1352 3863 1509 3933 καθ’
1567 3865 1949 3956 ὁλοκληρίαν
2006 3866 2159 3948 τούς
2215 3867 2488 3950 έπικούς
2531 3871 2599 3939 έν

405 3991 486 4073 τῇ
543 3988 673 4050 τῶν
726 3979 964 4066 μύθων
1022 3978 1478 4071 ἐπεξεργασίᾳ,
1543 3977 1714 4048 διότι
1755 3977 1818 4048 οὶ
1861 3986 2073 4064 μῦθοι
2132 3986 2251 4048 τοῦ
2292 3990 2599 4070 τραγικοῦ

407 4092 641 4162 τούτου
697 4087 867 4176 εἶχον
926 4090 1094 4180 λάβη
1153 4089 1335 4179 παρὰ
1392 4097 1511 4159 τοῦ
1564 4088 1841 4182 Ὁμήρου
1898 4089 2008 4158 καὶ
2072 4098 2204 4159 τῶν
2241 4088 2599 4182 Ὁμηριδῶν

2049 4202 2064 4225 ἱ
2127 4199 2147 4226 C
2206 4199 2226 4225 ³
2332 4200 2352 4225 3
