3117 4759
1631 340 1718 406 20

582 538 713 616 θεῖ,
760 525 889 600 εἶνε
932 531 1193 622 συνεχὴς
1234 530 1529 622 διήγησις
1573 530 1821 611 παντὸς
1864 527 2029 619 ὅπερ
2074 536 2191 598 τοῦ
2234 528 2564 618 δράματος
2606 554 2772 621 προ-

578 642 793 735 ηγήθη
833 641 1340 733 ὖπεμφαίνουσα
1383 640 1560 728 ὅμως
1590 645 1956 725 πολυειδῶς
1996 643 2107 711 καὶ
2150 644 2227 712 τὸ
2267 644 2578 728 μέλλον“·
2625 645 2772 712 δια-

578 753 779 844 κρίνει
824 756 896 823 δὲ
940 752 1153 823 αὐτῶν
1194 754 1309 823 δύο
1349 757 1511 844 μέρη
1567 755 1682 824 τὸν
1723 753 2078 843 μονόλογον
2120 754 2232 823 καὶ
2274 755 2391 845 τὴν
2433 752 2737 845 εἰσβολήν
2755 779 2796 796 ·’

578 863 779 952 μόνον
834 867 907 934 δὲ
966 865 1263 948 σπανίως
1302 863 1663 936 ἀκολουθεῖ
1701 869 1869 952 μετὰ
1924 865 2038 934 τὸν
2078 865 2435 953 μονόλογον
2473 862 2513 956 ἦ
2557 863 2771 955 πάρο-

580 980 723 1060 δος,
770 975 882 1045 ὅτε
921 975 999 1044 τὸ
1045 979 1259 1066 δρᾶμα
1305 974 1671 1065 α’ρκούντως
1713 976 1823 1045 διὰ
1868 975 2103 1045 τούτου
2148 975 2770 1066 προπαρασκευαζό-

576 1113 771 1174 μενον
822 1083 1082 1176 ἄρχεται
1139 1082 1400 1172 άμέσως
1454 1086 1566 1155 διὰ
1619 1093 1737 1176 τῆς
1793 1086 2087 1178 παρόδου
2143 1095 2262 1155 τοῦ
2315 1095 2508 1178 χοροῦ
2565 1084 2654 1169 ῶς
2706 1087 2773 1155 ἐν

580 1196 900 1282 Βάκχαις,
958 1194 1223 1266 Ἱκέτισι
1277 1197 1390 1265 καὶ
1432 1195 1776 1267 Κύκλωπι.
1872 1203 2117 1286 Θεωρεῖ
2169 1200 2242 1267 δὲ
2298 1198 2467 1287 πρὸς
2517 1198 2776 1278 τούτοις

577 1311 731 1392 τοὺς
787 1307 943 1400 παρ’
1000 1306 1329 1401 Εὕριπίδῃ
1387 1308 1766 1399 Προλόγους
1829 1313 1992 1401 μέρη
2050 1318 2167 1379 τοῦ
2224 1310 2551 1401 δράματος
2606 1311 2773 1379 κατὰ

576 1421 833 1513 μορφὴν
874 1421 987 1490 καὶ
1030 1420 1483 1512 περιεχόμενον
1527 1419 1662 1490 ὖπό
1706 1449 1855 1492 τινα
1898 1421 2153 1511 ἔποψιν
2181 1425 2617 1513 κεχωρισμένα
2658 1419 2774 1490 ὕπ’

575 1531 775 1624 ἄλλην
817 1532 996 1620 ὅμως
1037 1534 1426 1620 συνεχόμενα
1466 1534 1633 1621 μετὰ
1678 1542 1795 1608 τοῦ
1837 1538 2077 1604 λοιποῦ
2120 1532 2462 1624 δράματος.
2537 1533 2774 1603 Καθό-

578 1671 697 1716 σον
746 1648 941 1735 δῆλον
998 1641 1103 1713 ὅτι
1163 1642 1200 1713 ὃ
1259 1645 1663 1735 προλογίζων
1719 1641 1848 1715 εἷνε
1901 1645 1974 1714 ὲκ
2029 1652 2160 1713 τῶν
2218 1644 2601 1736 προσώπων
2656 1653 2776 1715 τοῦ

578 1757 908 1850 δράματος
948 1754 990 1849 ἢ
1035 1756 1198 1839 θεός
1239 1784 1342 1839 τις
1383 1754 1635 1848 α’νήκων
1676 1756 1843 1826 κατά
1884 1784 2031 1828 τινα
2073 1759 2323 1848 τρόπον
2365 1754 2462 1841 εἷς
2503 1759 2579 1828 τὸ
2624 1763 2776 1849 δρᾶ-

575 1898 671 1957 μα
725 1871 838 1938 καὶ
889 1869 1189 1942 καθόσον
1261 1868 1586 1952 πολλάκις
1654 1871 2055 1940 συνάπτεται
2127 1869 2162 1940 ὃ
2225 1878 2446 1957 μῦθος
2515 1868 2776 1956 άμέσως

575 1980 742 2066 μετὰ
782 1986 900 2070 τῆς
941 1978 1294 2070 διηγήσεως
1340 1974 1469 2048 εἶνε
1515 1977 1552 2048 ὅ
1584 1979 1924 2069 Πρόλογος
1964 1981 2131 2049 κατὰ
2173 1981 2291 2072 τὴν
2331 1983 2590 2072 μορφὴν
2632 2006 2777 2051 στε-

575 2100 703 2174 νῶς
744 2093 1200 2178 συνδεδεμένος
1240 2093 1408 2178 μετὰ
1453 2099 1573 2160 τοῦ
1616 2091 1947 2183 δράματος
1988 2093 2100 2161 καὶ
2141 2092 2309 2161 κατὰ
2351 2093 2428 2162 τὸ
2472 2093 2774 2184 περιεχό·

574 2228 786 2289 μενον,
832 2201 1132 2272 καθόσον
1176 2202 1244 2271 ἐν
1285 2209 1382 2291 τῷ
1411 2201 1731 2293 Προλόγῳ
1759 2201 2193 2295 ἀναφέρονται
2228 2203 2583 2293 πράγματα
2626 2229 2774 2290 σχε·

575 2312 879 2400 τιζόμενα
919 2317 1086 2400 μετὰ
1128 2322 1244 2405 τῆς
1286 2312 1679 2397 ὑποθέσεως
1720 2324 1837 2384 τοῦ
1869 2315 2214 2406 δράματος.
2294 2312 2448 2384 Ἀπ’
2482 2315 2777 2398 ἐναντίας

579 2423 750 2513 εἶχον
792 2421 976 2497 οὗτοι
1019 2426 1479 2518 άνεξαρτησίαν
1508 2429 1656 2497 τινὰ
1688 2428 1799 2496 ἐὰν
1827 2426 2028 2514 μόνον
2059 2426 2409 2516 μονόλογοι
2440 2429 2776 2513 ἐξετίθουν

579 2539 697 2629 τὴν
736 2537 1071 2610 ὑπόθεσιν
1113 2539 1223 2608 καὶ
1268 2540 1381 2608 ἐὰν
1422 2537 1460 2608 o‘
1505 2539 1620 2608 τὸν
1649 2537 1991 2630 Πρόλογον
2021 2537 2448 2629 ἀπαγγέλλων
2480 2541 2639 2624 θεὸς
2668 2544 2776 2611 δέν

582 2649 950 2741 παρήρχετο
994 2652 1066 2720 ἐκ
1110 2653 1427 2741 δευτέρου.

752 2760 1262 2852 Παρελείψαμεν
1303 2762 1384 2830 να
1411 2758 1826 2850 ὃμιλήσωμεν
1867 2760 2051 2850 χάριν
2095 2762 2447 2848 συντομίας
2491 2763 2778 2832 ἐνταῦθα

585 2872 741 2961 περὶ
782 2878 912 2940 τῶν
955 2869 1152 2956 άξίων
1197 2872 1391 2960 λόγου
1435 2878 1898 2962 πραγματειῶν
1940 2880 2057 2941 τοῦ
2099 2877 2362 2943 Ellendt
2389 2877 2499 2962 (de
2522 2876 2775 2960 Prolog.

585 2987 774 3071 Trag.
822 2987 1046 3054 Graec.
1096 2988 1323 3074 1819),
1390 2984 1503 3052 καὶ
1543 2993 1663 3055 τοῦ
1706 2988 2062 3066 Eiohstiidt,
2110 2990 2191 3053 de
2239 2988 2530 3053 dramate
2574 2986 2778 3054 Grae-

587 3119 804 3166 corum
836 3101 1382 3183 comico-satyrico
1417 3098 1601 3178 1823,
1644 3092 1952 3180 μολονότι
1983 3086 2178 3162 αὗται
2203 3091 2346 3184 ἰδίᾳ
2376 3095 2449 3162 δὲ
2478 3091 2516 3185 ἦ
2548 3092 2777 3185 πρώτη

583 3202 715 3278 εἶνε
756 3204 825 3275 αἱ
869 3206 1084 3297 κύριαι
1144 3207 1350 3297 πηγαὶ
1396 3204 1486 3287 ὥς
1528 3206 1700 3295 πρὸς
1739 3205 1816 3272 τὸ
1878 3203 2125 3295 ζήτημα
2167 3213 2299 3273 τῶν
2341 3201 2778 3296 Εὐριπιδείων

586 3314 959 3405 Προλόγων.
1040 3314 1313 3406 Ἐπίσης
1353 3313 1568 3384 ἄλλων
1609 3322 1805 3386 τινῶν
1833 3321 2295 3405 πραγματειῶν
2325 3314 2777 3405 παραλείπον-

586 3453 694 3508 τες
736 3435 845 3495 νῢν
887 3428 968 3495 νὰ
1014 3426 1391 3518 ποιήσωμεν
1432 3426 1660 3513 μνείαν
1701 3425 2179 3515 μεταβαίνομεν
2231 3426 2327 3509 εἷς
2368 3428 2444 3497 τὸ
2488 3427 2779 3519 δεύτερον

591 3538 837 3625 Μέρος.
