3117 4759
1387 341 1462 406 17

329 521 666 614 Ἀριστοφ.
729 529 1103 614 Θεσμοφορ.
1155 527 1277 594 173
1330 523 1437 595 ὅτι
1492 526 1571 594 τὸ
1632 533 1902 615 πρῶτον
1955 526 2359 620 ἤκολούθηςε
2412 532 2531 621 τὴν

335 632 606 726 α’ρχαίαν
667 634 918 725 συνήθη
971 632 1153 720 ὁδὸν,
1226 633 1330 704 ὅτι
1384 636 1452 705 ἐν
1510 644 1594 729 τῇ
1645 634 1807 729 α’ρχῇ
1847 646 1965 708 τοῦ
2025 648 2374 732 ποιητικοῦ
2417 667 2533 711 του

337 747 609 816 σταδίου
652 746 895 838 ἔπραξε
936 748 1012 816 τὸ
1057 744 1218 817 αύτὸ
1265 747 1434 840 ὅπερ
1476 751 1589 818 καὶ
1639 749 1702 819 οἱ
1745 747 1935 822 ἄλλοι
1979 756 2294 841 τραγικοί.

506 861 698 930 Κατὰ
742 868 859 952 τῆς
898 860 1202 953 τοιαύτης
1243 869 1374 931 τ’ῶν
1406 860 1841 953 Εὐριπιδείων
1870 863 2226 955 Προλόγων
2268 865 2535 957 ἐκδοχῆς

335 971 449 1040 καὶ
489 967 901 1063 ἀντιλήψεως
942 970 1443 1043 ἅντιτόσσονται
1490 974 1711 1043 πολλὰ
1727 1000 1741 1018 ·
1796 981 2062 1064 πρῶτον
2119 982 2534 1066 παρατηροῦ-

335 1109 455 1168 μεν
506 1080 610 1153 ὅτι
666 1080 703 1152 ὅ
744 1081 1085 1174 Πρόλογος
1125 1090 1243 1153 τοῦ
1279 1083 1681 1154 Ἱππολύτου
1722 1085 1836 1154 καὶ
1877 1092 2008 1153 τῶν
2059 1088 2380 1176 Τρῳαδῶν
2417 1086 2531 1154 δέν

337 1193 466 1281 ἔχει
521 1195 638 1288 τὴν
690 1193 846 1287 παρ’
887 1194 1210 1288 Αἰσχύλῳ
1253 1197 1364 1265 καὶ
1407 1201 1738 1288 Σοφοκλεῖ
1791 1197 2044 1290 συνήθη
2086 1196 2377 1289 μορφὴν,
2445 1194 2535 1279 ὥς

338 1306 586 1394 νομίζει
627 1307 664 1378 ὁ
702 1308 1157 1400 Φιρνχᾶβερος,
1205 1307 1380 1378 διότι
1425 1310 1493 1378 ἐν
1535 1317 1656 1396 μὲν
1690 1316 1786 1398 τῷ
1808 1307 2188 1399 Ἱππολύτῳ
2228 1305 2536 1401 ἧᾌφρο-

339 1416 486 1510 δίτη
543 1418 1022 1510 προλογίζουσα
1076 1417 1373 1508 α’γγέλλει
1431 1422 1502 1489 ἐκ
1560 1429 1692 1490 τῶν
1749 1425 2083 1512 προτέρων
2138 1421 2244 1491 ὅτι
2291 1420 2535 1514 σκληρὰ

337 1536 539 1619 μοῖρα
579 1533 679 1602 θά
723 1532 1081 1625 έξαφανίσῃ
1123 1533 1238 1602 τὸν
1269 1531 1508 1624 ἐχθρὸν
1550 1533 1753 1625 αὑτῆς
1775 1531 2171 1603 Ἱππόλυτον
2211 1533 2379 1620 μετὰ
2421 1541 2540 1626 τῆς

346 1640 667 1733 Φαίδρας·
725 1642 828 1713 ἔτι
870 1645 943 1713 δὲ
983 1647 1236 1731 μᾶλλον
1296 1644 1364 1713 ἐν
1407 1650 1556 1725 ταῖς
1606 1643 1905 1734 Τρῳάσιν
1955 1641 1996 1734 ἦ
2031 1640 2291 1736 Ἀθηνᾶ
2334 1644 2402 1712 ἐν
2443 1651 2539 1734 τῷ

339 1753 659 1846 Προλόγῳ
701 1754 1146 1847 προεκτίθησι
1186 1755 1268 1825 τὰ
1312 1756 1770 1847 δυστυχήματα
1798 1756 1882 1825 τὰ
1923 1758 2246 1842 μέλλοντα
2290 1756 2369 1824 νὰ
2414 1784 2535 1825 κα-

336 1867 675 1956 ταλᾶβωσι
732 1871 883 1950 τοὺς
908 1868 1224 1959 Ἕλληνας
1278 1868 1445 1954 μετὰ
1501 1868 1579 1938 τὸ
1627 1872 1860 1959 δρᾶμα.
1937 1865 2116 1938 Ἀλλ’
2159 1865 2240 1951 ἃς
2282 1868 2538 1961 ἐρευνή-

338 2004 555 2065 σωμεν
612 1977 1026 2070 γενικώτερον
1078 1975 1156 2048 ἂν
1198 1977 1236 2048 ὅ
1286 1977 1651 2071 Εὐριπίδης
1707 1977 1842 2050 εἴτε
1884 1985 2067 2062 τινὰς
2109 1979 2311 2066 μόνον
2352 1987 2534 2069 Προ-

338 2090 598 2181 λόγους,
669 2089 757 2175 ὥς
816 2093 1068 2178 δέχεται
1126 2090 1163 2162 o‘
1212 2097 1599 2178 Firnhaber,
1667 2090 1802 2163 εἴτε
1854 2092 1966 2162 καὶ
2024 2091 2328 2174 ἅπαντας
2383 2091 2540 2175 τούς

338 2199 744 2290 Προλόγους,
808 2199 900 2285 ὥς
942 2208 1172 2294 φρονεῖ
1212 2201 1249 2270 o‘
1288 2207 1637 2274 Eichstfidt
1679 2204 1748 2272 έν
1787 2212 1883 2293 τῷ
1924 2201 2170 2293 βιβλίῳ
2211 2200 2413 2271 αὑτοῦ
2457 2207 2538 2274 de

339 2316 631 2384 dramate
676 2317 1070 2384 Graecorum
1113 2318 1672 2401 comico-satyrico
1715 2318 2008 2400 inprimis
2061 2316 2200 2382 κτλ.
2243 2314 2355 2380 καὶ
2401 2310 2541 2406 ἰδίᾳ

339 2421 378 2492 ὅ
419 2427 805 2495 Haberfeldt
867 2429 1230 2515 „Euripidis
1273 2430 1603 2514 ingenium
1646 2429 1734 2495 ad
1776 2428 2042 2495 Aristot.
2086 2427 2264 2494 Poet.
2311 2428 2452 2508 XII,
2496 2429 2541 2495 4

339 2540 621 2608 breviter
662 2541 1154 2609 adumbratum“
1201 2536 1488 2629 ἔγραψεν
1531 2535 1718 2620 ὅπως
1758 2535 2203 2629 ὖποβοηθήσῃ
2247 2539 2365 2627 τὴν
2405 2543 2537 2604 τῶν

339 2652 602 2716 θεατῶν
644 2644 906 2735 ὅγνοιαν
947 2646 1059 2715 καὶ
1100 2645 1421 2733 ἀμαθίαν.
1509 2643 1681 2735 Παρ’
1727 2645 2042 2715 ἁπάντων
2084 2652 2216 2714 τῶν
2258 2646 2414 2734 περὶ
2454 2645 2539 2713 τὰ

339 2762 615 2827 τοιαῦτα
656 2755 1012 2847 εἶδημόνων
1053 2755 1469 2845 ὁμολογεῖται
1513 2755 1623 2825 ὅτι
1667 2754 1731 2825 οἱ
1751 2753 2046 2826 ,Ἀττικοὶ
2074 2755 2319 2825 θεαταὶ
2363 2755 2532 2824 πολὺ

342 2869 762 2939 συνετέλεσαν
804 2866 900 2950 εἷς
939 2868 1056 2959 τὴν
1083 2865 1570 2958 τελειοποίησιν
1614 2868 1724 2937 καὶ
1768 2866 2117 2959 α’νύψωσιν
2158 2873 2278 2957 τῆς
2318 2891 2537 2955 σκηνι-

339 2990 458 3075 κῆς
501 2985 858 3075 ποιήσεως·
917 2979 1090 3051 διότι
1133 2980 1571 3071 ἐντρυφῶντες
1629 2973 1812 3050 οὗτοι
1855 2978 1998 3049 ἀπὸ
2044 2981 2361 3068 παιδικῆς
2396 2975 2539 3066 ἧλι-

340 3094 487 3177 κίας
542 3093 639 3177 εἶς
679 3095 763 3166 τὰ
806 3093 1007 3166 έπικὰ
1051 3094 1164 3163 καὶ
1217 3092 1444 3182 λυρικὰ
1499 3092 1839 3183 ποιήματα
1896 3085 2062 3182 ἦσαν
2104 3087 2275 3178 ὑπὲρ
2319 3087 2540 3157 πάντα

340 3201 540 3273 ἷίλλον
579 3213 696 3295 τῆς
736 3201 1163 3297 ἀρχαιότητος
1205 3203 1363 3273 λαὸν
1407 3200 1620 3271 ἱκανοὶ
1662 3203 1743 3269 νὰ
1775 3197 2386 3286 ἄντιλαμβοὶνωνται
2427 3197 2538 3267 καί

340 3317 421 3386 νὰ
462 3324 868 3386 κατανοιῢσιν
926 3316 1052 3386 ὅσα
1107 3316 1171 3387 οἶ
1215 3314 1511 3407 τραγικοὶ
1571 3314 1690 3382 ἐπὶ
1731 3320 1849 3404 τῆς
1893 3318 2129 3403 σκηνῆς
2172 3309 2535 3382 ἐδίδασκον.

284 3419 297 3426 ’
330 3426 508 3499 Ἀλλ’
550 3427 655 3499 ὅτι
697 3426 759 3496 οἳ
804 3426 1061 3498 α’ττικοὶ
1105 3422 1285 3497 οὗτοι
1327 3425 1643 3517 ἀκροαταὶ
1689 3425 1799 3494 δὲν
1850 3417 2014 3515 ἦσαν
2055 3421 2343 3492 πάντοτε
2390 3421 2539 3491 ἐπί-

341 3567 460 3633 σης
501 3536 867 3630 ἐπιτήδειοι
907 3538 1019 3607 καὶ
1064 3536 1266 3628 σοφοὶ
1320 3534 1412 3617 ὥς
1454 3536 1625 3624 πρὸς
1665 3535 1749 3605 τὰ
1792 3535 1861 3603 ἐν
1903 3541 1999 3624 τῷ
2038 3531 2304 3625 θεάτρῳ
2348 3537 2537 3603 διδα-

342 3649 625 3737 σκόμενα
640 3703 656 3731 ,
725 3648 881 3737 περὶ
923 3646 1160 3717 τούτου
1204 3645 1437 3715 πείθει
1483 3643 1658 3738 ἡμᾶς
1700 3643 1735 3715 ὅ
1777 3644 1968 3734 χορὸς
2014 3651 2145 3712 τῶν
2185 3643 2540 3735 Βατράχων

342 3767 543 3852 λέγων
584 3769 680 3853 τῷ
722 3758 1045 3850 Αἰσχύλῳ
1089 3760 1201 3828 καὶ
1244 3755 1576 3849 Εύριπίδῃ
1634 3759 1873 3838 οἵτινες
1912 3759 2227 3842 μέλλουσι
2268 3755 2347 3826 νὰ
2390 3761 2538 3826 δια-

339 3881 721 3962 γωνισθῶσι
763 3873 877 3942 τὸν
909 3871 1061 3962 περὶ
1092 3877 1210 3962 τῆς
1239 3870 1827 3960 πρωτοκαθεδρίας
1866 3864 2086 3956 α’γῶνα
2120 3871 2537 3938 1109-1118

429 3981 512 4051 El
556 3986 628 4052 δὲ
669 3991 866 4052 τοῦτο
910 3986 1472 4073 καταφοβεῖσθον,
1519 3977 1611 4068 μή
1657 4004 1758 4059 τις
1801 3972 2066 4062 α’μαθία
2109 3986 2329 4068 προσῇ

433 4098 588 4173 Τοῖς
629 4097 993 4180 θεωμένοις
1033 4090 1124 4175 ὥς
1163 4091 1250 4159 τὰ
1295 4089 1507 4161 λεπτὰ
1551 4089 1642 4181 μὴ
1685 4095 1923 4178 γνῶναι
1966 4088 2294 4175 λεγόντοιν

429 4205 662 4294 Μηδὲν
703 4200 1047 4293 ὀρρωδεῖτε
1089 4200 1285 4275 τοῦθ’
1302 4230 1318 4245 ·
1365 4201 1453 4285 ὡς
1494 4198 1609 4270 ούκ
1656 4199 1762 4269 ἔθ’
1807 4199 1983 4269 οὕτω
2024 4195 2206 4268 ταῦτ’
2248 4199 2399 4286 52⁶1.

114 4299 125 4700 I
419 4311 946 4404 Ἐστρατευμένοι
989 4321 1109 4406 γάρ
1155 4314 1286 4386 εἶσι

56 4435 59 4450 '
2045 4439 2077 4488 2
