3117 4759
1609 345 1696 411 24

551 517 955 623 {add-slya&
1024 532 1059 603 ὁ
1105 535 1449 625 Σοφοκλῆς
1504 536 1700 623 δῆλον
1759 531 1863 602 ὅτι
1927 531 2205 620 εἰσάγων
2262 533 2378 601 τὸν
2428 534 2751 626 ἀκροατὴν

554 646 815 732 α’μέσως
870 643 966 727 εἷς
1020 646 1226 735 μέσην
1284 645 1403 736 τὴν
1456 643 1855 735 δραματικὴν
1910 649 2146 734 πρᾶξιν
2203 642 2371 714 δίδει
2414 641 2511 726 εἶς
2552 641 2751 713 αὐτὸν

556 756 1062 849 ἐπιτηδειότατα
1113 755 1231 850 τὴν
1273 757 1544 843 δύναμιν
1587 757 1667 825 νὰ
1697 763 2181 847 προαισθανθῇ
2222 756 2389 825 κατά
2427 784 2574 826 τινα
2601 755 2752 845 τρό-

558 895 689 938 πον
742 870 819 939 τὸ
875 868 1368 961 συμβησόμενον
1424 870 1536 938 καὶ
1597 869 1954 960 συγχρόνως
2008 868 2086 938 νά
2136 867 2419 960 γινώσκῃ
2474 867 2752 939 πλείονα

557 975 596 1071 ἢ
640 981 724 1048 τὰ
768 984 1019 1071 δρῶντα
1061 979 1395 1070 πρόσωπα
1410 1006 1425 1023 ·
1488 982 1599 1052 διὰ
1641 988 1758 1072 τῆς
1817 985 2072 1072 λεπτῆς
2116 983 2189 1050 δέ
2253 980 2488 1072 ταύτης
2529 982 2754 1071 τέχνης

560 1088 970 1179 ἐπιτυγχάνει
1027 1088 1064 1160 ὁ
1123 1090 1404 1182 ποιητὴς
1462 1089 1853 1178 θαυμασίως
1909 1090 1988 1160 νὰ
2042 1089 2322 1182 ἐξεγείρῃ
2375 1090 2489 1159 τὸν
2532 1084 2753 1159 οἶκτον

558 1203 671 1270 καὶ
712 1201 924 1294 φόβον
966 1210 1098 1271 τῶν
1149 1209 1430 1272 θεατῶν.
1510 1200 1689 1272 Ἀλλ’
1732 1202 1875 1289 οὐχὶ
1930 1202 2175 1285 πάντες
2217 1202 2436 1288 ἔχουσι
2476 1202 2592 1273 τὸν
2633 1198 2751 1272 αὖ·

559 1316 674 1384 τὸν
716 1317 965 1384 τέλειον
1007 1315 1377 1403 διαλογικὸν
1415 1322 1803 1406 χαρακτῆρα,
1848 1314 1966 1405 τὴν
1994 1312 2193 1405 αὐτὴν
2224 1314 2571 1406 ἐπαινετὴν
2600 1318 2755 1405 δρα-

558 1426 837 1517 ματικὴν
891 1424 1271 1518 εἰσαγωγήν,
1341 1425 1513 1496 διότι
1571 1426 1608 1495 ὃ
1668 1426 2009 1517 Πρόλογος
2068 1426 2136 1495 ἐν
2201 1424 2568 1517 Φιλοκτήτῃ
2624 1424 2757 1511 ἔχει

561 1538 815 1630 πολλὴν
873 1537 1233 1631 ὁμοιότητα
1294 1539 1466 1628 πρὸς
1524 1539 1602 1608 τὸ
1668 1538 2134 1631 διηγηματικὸν
2202 1540 2386 1628 γένος
2445 1535 2756 1624 μολονότι

561 1644 764 1729 εὐθὺς
805 1647 1090 1718 κατόπιν
1147 1648 1395 1738 γίνεται
1437 1647 1476 1741 ἦ
1524 1648 1889 1737 μετάβασις
1940 1647 2036 1731 εἷς
2076 1649 2193 1740 τὴν
2234 1654 2499 1739 πρᾶξιν,
2568 1647 2757 1731 ὅπως

562 1759 675 1827 καὶ
719 1759 786 1828 ἐν
823 1759 1193 1849 Τραχινίαις
1233 1757 1270 1829 ὅ
1312 1759 1670 1849 μονόλογος
1710 1768 1828 1852 τῆς
1856 1761 2247 1851 Δηϊανείρας
2288 1757 2605 1831 α’ποτελεῖ
2641 1761 2758 1831 τὸν

563 1867 903 1960 Πρόλογον
957 1870 1270 1956 μολονότι
1323 1872 1441 1958 ἐπὶ
1497 1881 1615 1963 τῆς
1672 1879 1908 1963 σκηνῆς
1962 1868 2091 1941 εἶνε
2152 1869 2509 1961 συγχρόνως
2564 1871 2676 1939 καὶ
2717 1870 2755 1941 ὅ

548 1978 786 2062 ’Ύλλος
829 1980 941 2048 καὶ
982 1979 1022 2072 ἡ
1077 1983 1477 2071 θεραπαινὶς
1519 1982 1782 2074 ἐκείνης.
1868 1981 1971 2052 Ἐν
2014 1984 2086 2051 δέ
2139 1988 2235 2070 τῷ
2276 1980 2596 2072 Προλόγῳ
2636 1990 2759 2052 τοῦ

565 2090 869 2175 Αἴαντος
908 2094 1024 2184 τὴν
1058 2091 1348 2185 Ἀθηνᾶν
1390 2093 1916 2186 ὖπερασπίζουσι
1956 2096 2202 2164 πολλοὶ
2258 2095 2369 2164 διὰ
2410 2102 2531 2163 τοῦ
2572 2093 2677 2165 ὅτι
2719 2094 2757 2164 ὅ

562 2203 1051 2295 ὀμηρικώτατος
1116 2207 1397 2298 ποιητὴς
1470 2209 1580 2276 δέν
1641 2204 1931 2298 ἠθέλησε
2004 2206 2082 2276 νὰ
2144 2204 2573 2297 α’πομακρίνῃ
2641 2213 2759 2276 τοῦ

559 2316 922 2400 Ὀδυσσέως
977 2318 1096 2409 τὴν
1153 2316 1514 2409 α’χώριστον
1565 2315 1765 2387 αὐτοῦ’
1822 2317 2190 2410 προστάτιν
2231 2318 2344 2387 καὶ
2397 2316 2758 2409 σύντροφον

567 2425 678 2513 (ἴδ.
723 2430 1053 2511 Schwenk‚
1100 2433 1204 2499 die
1250 2435 1285 2498 7
1331 2433 1697 2517 Tragssdjen
1741 2434 1855 2499 des
1901 2433 2247 2518 Sophocles
2291 2454 2351 2500 σ.
2396 2434 2529 2514 58).
2575 2513 2580 2518 ,

717 2536 897 2631 ’Ἠδη
942 2541 1016 2609 δέ
1057 2538 1536 2628 μεταβαίνομεν
1578 2538 1674 2622 εἷς
1713 2541 1791 2610 τὸ
1835 2538 2054 2631 κύριον
2094 2539 2277 2631 ἡμῶν
2321 2537 2762 2628 ἀντικείμενον

569 2652 647 2721 νὰ
702 2651 1103 2740 ἐξετάσωμεν
1158 2661 1307 2735 πῶς
1373 2652 1503 2740 ἐχει
1555 2651 1593 2722 ὁ
1650 2653 1992 2745 Πρόλογος
2056 2650 2213 2742 παρ’
2270 2649 2598 2744 Εὐριπίδῃ
2652 2652 2767 2721 καὶ

570 2768 770 2832 ποῖον
823 2758 951 2832 εἶνε
993 2763 1071 2833 τὸ
1135 2761 1485 2856 ἰδιαίτερον
1521 2765 2100 2857 χαρακτηριστικὸν
2153 2772 2284 2834 τῶν
2328 2761 2766 2854 Εὐριπιδείων

569 2874 943 2964 Προλόγων.
1028 2874 1226 2966 Παρὰ
1283 2883 1378 2965 τῷ
1432 2874 1723 2969 ἡμετέρῳ
1781 2880 1977 2970 δῆλον
2033 2876 2137 2945 ὅτι
2188 2883 2471 2965 τραγικῷ
2518 2876 2766 2965 παρέρ-

566 3011 751 3069 χεται
807 2985 925 3053 ἐπὶ
982 2993 1098 3078 τῆς
1154 2970 1390 3078 σκηνῆς
1430 2984 1501 3056 ἓν
1542 2987 1909 3077 πρόσωπον
1967 2985 2382 3077 διηγούμενον
2426 2986 2510 3054 τὰ
2554 3010 2767 3076 προη-

572 3097 851 3188 γούμενα
893 3105 1011 3167 τοῦ
1054 3099 1384 3189 δράματος
1439 3100 1547 3168 καὶ
1591 3097 1759 3169 ἅλλα
1802 3099 2005 3181 οὕτως
2056 3098 2233 3185 ὅμως
2275 3098 2444 3168 ὥστε
2487 3098 2613 3167 ὅσα
2656 3099 2767 3167 ἐκ-

572 3208 807 3300 τίθησι
850 3212 959 3281 δέν
1003 3213 1321 3302 προφέρει
1363 3208 1458 3292 εἰς
1499 3215 1730 3298 μέσον,
1798 3210 1971 3281 διότι
2012 3209 2415 3281 άποτελοῦσι
2463 3210 2541 3280 τὸ
2584 3207 2769 3279 α’ντι-

582 3320 875 3407 κείμενον
916 3328 1033 3412 τῆς
1090 3317 1394 3412 σκέψειός
1449 3349 1567 3392 του
1609 3318 1652 3414 ἢ
1693 3320 1865 3391 διότι
1923 3316 2051 3391 εἶνε
2108 3318 2428 3410 άναγκαῖα
2481 3327 2600 3391 τοῦ
2648 3318 2769 3407 μύ-

574 3440 707 3502 θου
748 3435 930 3522 μέρη,
974 3428 1142 3502 άλλὰ
1188 3435 1362 3500 πολῧ
1402 3436 1653 3517 μᾶλλον
1694 3433 1801 3499 ἵνα
1843 3430 1932 3522 μή
1975 3459 2064 3501 τι·
2086 3430 2367 3523 διαφύγῃ
2409 3430 2564 3513 τοὺς
2607 3436 2772 3500 θεα-

574 3543 694 3626 τὰς
736 3543 1086 3629 δυνάμενον
1130 3542 1207 3611 νὰ
1253 3545 1601 3633 συντελέσῃ
1652 3569 1798 3624 πως
1841 3539 1936 3623 εἷς
1975 3541 2094 3632 τὴν
2146 3549 2265 3611 τοῦ
2304 3540 2528 3628 μόθου
2570 3566 2771 3609 κατα-

575 3652 814 3744 νόησιν.
891 3650 1068 3723 Ἀλλ’
1110 3653 1233 3743 ἐνῷ
1277 3659 1357 3722 τὸ
1385 3651 1866 3742 παρερχόμενον
1908 3650 1977 3722 ἐν
2018 3658 2113 3740 τῷ
2142 3650 2461 3742 Προλόγῳ
2504 3650 2771 3741 πρόσω-

576 3791 709 3835 πον
773 3761 1195 3835 ἀποτείνεται
1257 3762 1520 3850 άμέσως
1586 3763 1753 3854 πρὸς
1815 3764 1891 3833 τὸ
1955 3766 2240 3855 θέατρον
2256 3818 2273 3849 ,
2349 3764 2669 3852 λαμβάνει
2732 3763 2771 3832 ὁ

575 3878 920 3970 Πρόλογος
970 3884 1339 3969 χαρακτῆρα
1392 3875 1629 3967 ἥκιστα
1688 3875 2048 3968 συνᾴδοντα
2103 3878 2272 3967 πρὸς
2326 3876 2446 3958 τὰς
2486 3875 2775 3967 α’παιτή-

580 4018 718 4072 σεις
758 3998 875 4081 τῆς
918 3993 1317 4080 δραματικῆς
1358 3991 1583 4079 τέχνης
1627 3986 1741 4079 (ῗδ.
1789 3987 1913 4057 ὅσα
1957 3990 2401 4077 ἐκτενέστερον
2431 3987 2776 4079 ἐκτίθησιν

578 4100 613 4170 ὃ
657 4105 921 4170 Ellendt
964 4105 1076 4190 (de
1120 4104 1282 4188 prol.
1327 4109 1491 4188 trag.
1540 4103 1650 4169 Gr.
1700 4102 1833 4168 σελ.
1871 4104 1995 4185 17).
2086 4098 2222 4170 Καὶ
2266 4098 2391 4190 ἐνῷ
2430 4094 2601 4170 ἴδιον
2643 4105 2775 4169 τῶν

581 4209 936 4299 Προλόγων
978 4210 1161 4302 παρὰ
1205 4217 1351 4293 τοῖς
1394 4210 1507 4280 δύο
1553 4213 2087 4300 προγενεστέροις
2128 4218 2459 4300 τραγικοῖς
2498 4207 2627 4281 εἶνε
2669 4210 2777 4282 ὅτι

582 4316 986 4390 ἀποτελοῦσι
1026 4320 1143 4410 τὴν
1184 4316 1429 4406 ι’ίμεσον
1471 4317 1777 4410 εἰσβολὴν
1836 4317 1931 4401 εἷς
1982 4320 2058 4389 τὸ
2120 4322 2366 4410 δρᾶμα,
2433 4320 2608 4405 ἴδιος
2647 4329 2779 4393 τῶν
