3117 4759
1480 356 1558 421 15

420 573 540 615 σου
581 547 864 637 Λήμνου
907 545 1078 636 πρὸς
1117 544 1363 613 ἅλωσιν
1405 549 1524 633 τῆς
1549 541 1757 626 Ἰλίου,
1803 545 1987 633 παρὰ
2030 545 2104 612 δὲ
2146 552 2242 634 τῷ
2284 542 2609 634 Αἰσχύλῳ

421 659 667 726 έκτελεῖ
722 654 882 726 αύτὸ
942 664 1132 727 τοῦτο
1175 654 1210 724 ὃ
1251 645 1595 737 Ὀδυσσεὺς
1613 708 1628 736 ,
1696 655 1763 723 έν
1823 648 1876 745 ᾧ
1920 655 2103 746 παρὰ
2144 663 2240 745 τῷ
2282 662 2610 747 Σοφοκλεῖ

416 767 813 856 άπαντῶμεν
855 770 969 838 τὸν
1012 767 1481 853 Νεοπτόλεμον
1522 766 1690 853 μετὰ
1731 775 1849 836 τοῦ
1887 764 2260 849 Ὀδυσσέως.

465 865 533 924 “s
584 878 850 971 Ἐπειδὴ
894 880 1131 950 λοιπὸν
1188 879 1226 947 ὅ
1268 906 1339 947 τε
1382 875 1728 963 Αἰσχύλος
1782 879 1893 946 καὶ
1936 876 1972 947 ὃ
2017 882 2360 970 Σοφοκλῆς
2400 881 2605 964 μολο-

419 990 557 1059 νότι
607 992 968 1077 μετέβαλον
1026 988 1245 1058 πολλὰ
1303 989 1371 1056 έν
1422 994 1571 1069 ταῖς
1630 986 2022 1075 τραγῳδίαις
2077 1014 2206 1055 των
2266 986 2447 1076 παρὰ
2489 986 2607 1077 τὴν

414 1101 636 1190 κοινὴν
679 1101 1064 1191 παράδοσιν,
1112 1104 1221 1169 δέν
1262 1098 1786 1189 μετεχειρίσαντο
1832 1100 1899 1168 έν
1942 1099 2203 1180 τούτοις
2245 1097 2608 1188 προλόγους

416 1205 458 1299 ἢ
500 1210 669 1277 πολύ
714 1213 964 1296 μᾶλλον
1007 1208 1342 1290 τοιούτους
1385 1209 1898 1300 διασαφητικοῦς
1940 1207 2324 1297 προλόγους,
2371 1207 2604 1276 ἕπεται

416 1319 520 1388 ὅτι
577 1321 687 1387 καὶ
745 1317 900 1408 παρ’
944 1318 1273 1412 Εὐριπίδῃ
1331 1321 1439 1389 δὲν
1496 1320 1837 1412 δυνάμεθα
1895 1319 1975 1388 νὰ
2030 1317 2432 1410 έξηγήσωμεν
2489 1319 2643 1408 τὴν,

416 1425 611 1519 άρχὴν
654 1426 867 1497 αὐτῶν
910 1429 981 1496 ἐκ
1023 1436 1140 1519 τῆς
1181 1426 1476 1518 άνάγκης,
1524 1426 1620 1510 εἷς
1660 1422 1738 1520 ἢν
1779 1426 2113 1520 ᾐσθάνετο
2142 1423 2372 1497 ἑαυτόν
2402 1432 2606 1520 δῆθεν

417 1540 842 1628 ὑποκείμενον
898 1540 1084 1611 ἕνεκα
1126 1550 1256 1610 τῶν
1301 1545 1667 1611 πολυειδῶν
1726 1544 1880 1630 περὶ
1921 1542 2075 1624 τοὺς
2117 1543 2443 1624 παλαιοὺς
2482 1544 2605 1630 μύ-

417 1660 585 1734 θους
622 1658 1133 1741 μεταπλασμῶν,
1180 1646 1310 1723 οἷοι
1356 1652 1797 1744 παρίστανται
1843 1651 2000 1744 ἡμῖν
2044 1654 2113 1721 ἐν
2152 1660 2301 1736 ταῖς
2349 1663 2606 1745 Τραγῳ-

417 1766 591 1848 δίαις
631 1765 852 1836 αύτοῦ.
948 1774 1167 1835 Ταῦτα
1210 1765 1503 1837 ἔστωσαν
1533 1765 1836 1856 εἰρημένα
1879 1764 2046 1833 κατὰ
2075 1773 2193 1834 τοῦ
2222 1765 2605 1854 Σχλεγελίου

411 1880 524 1948 καὶ
559 1877 925 1969 Ἑρμάννου.
952 1897 971 1920 ”¹

579 1988 682 2057 Ἔν
725 1989 980 2070 τούτοις
1033 1987 1169 2056 ὑπὸ
1219 1988 1336 2079 τὴν
1377 1987 1577 2080 αὐτὴν
1619 1987 1788 2057 κατὰ
1840 1988 1917 2057 τὸ
1961 1992 2212 2075 μᾶλλον
2255 1988 2366 2056 καὶ
2407 1981 2605 2079 ἧττον

413 2098 664 2168 ἔννοιαν
707 2099 1091 2191 έκφράζεται
1132 2098 1430 2168 καθόλου
1471 2100 1584 2166 καὶ
1627 2098 1663 2167 ὁ
1709 2103 1882 2168 Gotf.
1927 2104 2161 2169 Mffller
2204 2101 2272 2168 ἓν
2316 2107 2409 2188 τῷ
2453 2124 2604 2187 συγ-

412 2212 742 2302 γράμματι
799 2217 1183 2284 Gesohiohte
1238 2216 1354 2280 der
1408 2215 1851 2299 griechischen
1903 2216 2262 2282 Litteratur
2319 2219 2604 2302 σημειιόν

413 2323 563 2412 περὶ
606 2331 738 2390 τῶν
780 2320 1219 2412 Εὐριπιδείων
1262 2318 1606 2412 προλόγων
1650 2321 1824 2389 τάδε.
1917 2314 2072 2390 “”Ev
2112 2329 2243 2389 τῶν
2283 2348 2602 2412 χαρακτη-

405 2431 709 2520 ριζόντων
753 2434 871 2526 τὴν
915 2437 1137 2525 τέχνην
1179 2441 1297 2502 τοῦ
1326 2432 1692 2524 Εὐριπίδου
1739 2431 2109 2518 ἰδιωμάτων
2153 2429 2282 2502 εἶνε
2326 2430 2388 2501 οἳ
2418 2432 2601 2524 Πρό-

406 2546 607 2630 λογοι,
656 2545 724 2612 ἐν
765 2537 867 2626 οἷς
910 2543 1275 2634 πρόσωπόν
1317 2572 1406 2628 τι,
1448 2545 1614 2627 θεὸς
1655 2539 1697 2634 ἢ
1736 2543 1905 2635 ἥρως
1934 2547 2254 2633 διηγεῖται
2297 2545 2365 2613 έν
2405 2571 2598 2631 μονο·

407 2654 580 2742 λόγῳ
636 2655 740 2734 τὶς
797 2649 952 2739 εἶνε,
1027 2653 1337 2746 άναφέρει
1395 2657 1511 2726 τὸν
1570 2656 1783 2724 τόπον
1847 2656 1960 2724 καὶ
2013 2656 2133 2747 τὴν
2187 2656 2422 2748 σκηνὴν
2477 2665 2598 2726 τοῦ

407 2764 768 2853 δράματος,
833 2766 908 2833 τὸ
953 2775 1068 2833 τοῦ
1113 2766 1441 2856 δράματος
1497 2769 1877 2859 προηγηθὲν
1917 2770 2104 2859 μέχρι
2147 2777 2262 2839 τοῦ
2308 2769 2595 2860 σημείου,

356 2949 360 2960 ,
405 2873 522 2967 εἶφ’
564 2869 639 2944 οὗ
681 2875 758 2945 τὸ
805 2875 1029 2966 κύριον
1070 2880 1285 2965 δρᾶμα
1327 2873 1588 2966 ἔρχεται
1606 2931 1623 2962 ,
1691 2879 1803 2947 καὶ
1845 2878 1925 2970 δὴ
1975 2921 2052 2933 --
2098 2879 2212 2948 ἐὰν
2262 2879 2299 2948 ὁ
2345 2883 2598 2970 προλο-

382 2986 596 3075 ’γίζων
637 2980 679 3079 ᾗ
722 2988 884 3070 θεὸς
930 3028 1004 3039 -
1051 2987 1164 3055 καὶ
1208 2987 1285 3055 τὸ
1327 2989 1517 3068 τέλος
1560 2990 2024 3079 προσημαίνει,
2072 2989 2258 3072 ὅπως
2300 2992 2369 3059 ἐν
2413 2991 2596 3059 Βάκ-

399 3125 573 3182 χαις,
626 3099 1001 3190 Ἱππολύτῳ
1015 3154 1032 3185 ,
1074 3097 1255 3169 Ἴωνι
1296 3100 1408 3167 καὶ
1441 3097 1684 3192 Ἑκάβῃ
1728 3102 1797 3169 έν
1836 3094 1878 3190 ᾗ
1920 3101 1998 3169 τὸ
2040 3109 2156 3168 τοῦ
2197 3101 2598 3191 Πολυδώρου

405 3210 757 3300 φάντασμα
810 3212 1275 3303 περιβάλλεται
1319 3213 1437 3301 τὴν
1498 3211 1990 3303 προγνωστικὴν
2031 3220 2148 3280 τοῦ
2192 3220 2359 3282 θεοῦ
2404 3213 2595 3283 δύνα-

401 3315 565 3404 μιν.“
626 3318 706 3388 Οἱ
754 3323 1069 3411 πρόλογοι
1112 3317 1293 3395 οὗτοι
1336 3325 1468 3415 πρὸ
1513 3324 1735 3416 πάσης
1778 3325 2128 3415 ἐλευθέρας
2167 3324 2440 3416 κρίσεως
2482 3328 2597 3413 έμ-

402 3431 783 3522 φανίζονται
845 3430 934 3513 ὥς
986 3430 1564 3527 ὀπισθοδρόμησις
1616 3437 1690 3521 ἒξ
1737 3437 2184 3527 ἑντελεστέρας
2236 3435 2334 3519 εἷς
2375 3434 2595 3508 άτελε-

402 3547 636 3635 στέραν
675 3546 950 3637 μορφὴν,
999 3545 1171 3615 διότι
1215 3545 1300 3615 δι’
1343 3544 1558 3615 αὐτῶν
1601 3547 1848 3637 μεγάλη
1891 3544 2233 3633 άνωμαλία
2261 3545 2591 3637 εἰσάγεται

400 3656 497 3740 εἷς
537 3661 654 3747 τὴν
712 3659 1111 3749 δραματικὴν
1167 3659 1442 3751 μορφήν.
1524 3656 1703 3729 Ἀλλ’
1745 3657 2047 3751 ἠδυνάτει
2092 3658 2299 3746 ὅμως,
2366 3662 2593 3747 ἐξακο-

400 3776 635 3841 λουθεῖ
684 3776 1058 3861 κατωτέρω,
1131 3773 1210 3840 νά
1256 3779 1545 3863 στερηθῇ
1601 3779 1731 3841 τῶν
1776 3771 2114 3863 προλόγων
2157 3772 2193 3841 ὁ
2231 3771 2597 3867 Εὐριπίδης

401 3884 468 3951 έν
510 3892 592 3976 τῇ
632 3884 818 3953 τάσει
865 3880 1064 3954 αύτοῢ
1109 3924 1188 3934 --
1249 3880 1389 3973 ι’δίᾳ
1441 3883 1733 3968 μάλιστα
1792 3883 1966 3952 διότι
2021 3882 2189 3950 κατὰ
2243 3884 2361 3974 τὴν
2403 3885 2473 3953 έν
2513 3893 2597 3975 τῇ

398 4003 528 4063 τῶν
569 3996 803 4081 μύθων
845 3993 1261 4087 πραγματείᾳ
1312 3993 1749 4084 αύθαιρεσίαν
1791 3998 2006 4084 τολμᾷ
2063 3992 2230 4077 ὅλως
2271 3995 2592 4087 διάφορον

398 4113 530 4174 τῶν
584 4109 818 4193 μύθων
878 4108 1187 4178 σύνθεσιν
1231 4104 1274 4200 ἢ
1314 4105 1502 4191 ὅπως
1555 4102 1633 4200 ἦν
1675 4108 1835 4201 αὕτη
1880 4110 2131 4200 γνωστὴ
2173 4112 2360 4197 μέχρι
2403 4112 2595 4179 τοῦδε

398 4223 541 4298 τοῖς
556 4218 943 4309 Ἀθηναίοις
969 4222 1041 4289 ἐκ
1070 4228 1188 4311 τῆς
1221 4219 1652 4312 παραδόσεως
1680 4221 1791 4290 καὶ
1820 4228 1938 4311 τῆς
1969 4216 2166 4310 ι’ίλλης
2198 4219 2592 4311 ποιήσεως“.
