3117 4759
1459 345 1539 407 13

274 527 299 540 “
393 529 758 624 Ἀθηνάων,
805 533 973 603 κατὰ
1017 530 1077 602 δ’
1119 532 1346 603 ἔκτανε
1389 538 1824 623 πατροφονῆα
1851 528 2201 619 Αἴγισθον
2244 529 2595 620 δολόμητιν

402 686 487 695 -
530 640 678 734 ἤτοι
737 640 774 710 δ
832 643 946 711 τὸν
1005 641 1263 724 κτείνας
1324 641 1509 710 δαίνυ
1568 639 1782 731 τάφον
1818 638 2169 729 Ἀργείοισι
2223 639 2467 730 μητρός
2522 666 2595 708 τε

404 763 710 847 στυγερῆς
758 756 870 823 καὶ
913 750 1260 836 άνάλκιδος
1301 752 1702 841 Αἰγίσθοιο.
1789 757 2195 843 Σημειωτέον
2248 751 2351 821 ὅτι
2394 748 2594 821 οὖδα-

401 875 534 951 μοῦ
575 865 732 956 παρ’
768 865 1036 958 εΟμήρηρ
1078 868 1335 955 λέγεται
1375 872 1586 957 ῥητῶς
1627 863 1733 934 ὅτι
1776 863 1814 955 ἦ
1862 863 2413 954 Κλυταιμνήστρα
2456 859 2596 953 ἰδίᾳ

308 976 312 980 ⁴
399 979 565 1066 χειρὶ
623 979 931 1069 ἐφόνευσε
984 979 1098 1047 τὸν
1151 978 1421 1066 σύζυγον
1473 976 1639 1069 μήτε
1695 975 1800 1046 ὅτι
1874 974 1911 1045 δ
1968 974 2266 1067 Ὀρέστης
2322 977 2596 1045 ἐκδικῶν

402 1095 518 1157 τὸν
577 1093 830 1181 πατέρα
883 1092 1267 1161 ἐθανάτωσε
1330 1091 1449 1181 τὴν
1501 1091 1750 1181 μητέρα
1807 1090 1973 1180 μήτε
2027 1087 2243 1170 ἄλλως
2299 1094 2618 1158 ποιεῖται

403 1197 629 1283 μνείαν
671 1197 708 1267 δ
753 1198 1040 1281 παλαιὸς
1081 1200 1317 1283 ἐπικὸς
1357 1208 1490 1269 τῶν
1531 1208 1741 1287 τυχῶν
1785 1202 1896 1269 καὶ
1936 1199 2437 1290 δυστυχημάτων
2455 1236 2460 1241 ·
2479 1205 2598 1268 τοῦ

398 1305 716 1397 Ὀρέστου.

580 1420 662 1490 Οἱ
706 1426 779 1491 δέ
820 1422 1111 1491 κυκλικοὶ
1155 1423 1457 1512 ποιηταὶ,
1519 1420 1612 1503 ὥς
1654 1423 1727 1491 ἐκ
1768 1429 1899 1490 τῶν
1945 1417 2180 1509 ὀλίγων
2223 1419 2596 1489 διασωθέν-

402 1559 532 1601 των
574 1530 1129 1620 άποσπασμάτων
1171 1531 1511 1620 εἰκάζομεν
1520 1587 1538 1618 ,
1602 1535 2030 1623 προσέθηκαν
2074 1531 2296 1601 πολλὰ
2341 1529 2437 1612 εἶς
2478 1530 2599 1612 τὰς

403 1643 716 1736 ὁμηρικὰς
759 1645 1103 1737 διηγήσεις·
1151 1646 1270 1714 ἐπὶ
1314 1645 1799 1734 παραδείγματι
1842 1640 1998 1729 παρ’
2032 1644 2225 1735 Ἁγίᾳ
2264 1651 2359 1732 τῷ
2401 1653 2596 1731 Τροι-

406 1753 597 1845 ζηνίῳ
652 1754 1029 1845 εὑρίσκομεν
1080 1755 1196 1824 τὸν
1253 1757 1563 1845 Πυλάδην
1618 1763 1997 1846 βοηθοῦντα
2056 1762 2151 1844 τῷ
2209 1751 2472 1845 Ὀρέστῃ
2528 1754 2598 1821 έν

403 1876 498 1957 τῷ
550 1867 732 1958 φόνῳ
781 1875 901 1935 τοῦ
942 1865 1322 1956 Αἰγίσθου,
1390 1867 1458 1936 έν
1504 1860 1557 1955 ᾧ
1612 1865 1768 1958 παρ’
1804 1865 2058 1958 Ὁμήρῳ
2101 1864 2391 1954 ούδαμοῦ
2434 1863 2596 1935 άνα-

284 2047 291 2054 ,
403 1981 673 2068 φέρεται
716 1975 753 2044 ὁ
797 1976 1126 2067 Πυλάδης.

569 2087 678 2158 Ἐκ
722 2091 795 2160 δέ
836 2096 968 2158 τῶν
1010 2095 1284 2177 λυρικῶν
1313 2099 1610 2179 ποιητῶν
1653 2097 1937 2180 πρῶτος,
1981 2088 2139 2158 ὅσον
2178 2087 2597 2178 γινώσκομεν,

403 2202 441 2270 ὁ
485 2199 876 2292 Στησίχορος
917 2200 954 2271 ὁ
999 2203 1166 2270 κατὰ
1212 2202 1329 2293 τὴν
1358 2204 1730 2291 παράδοσιν
1756 2200 2120 2292 Ὀρέστειαν
2159 2201 2448 2291 ποιήσας
2479 2197 2595 2282 (w.

402 2319 666 2393 Becker,
713 2319 931 2385 Gram.
961 2318 1202 2383 Anecd.
1253 2313 1693 2406 “Evnolxoqog
1737 2317 1810 2383 δέ
1840 2315 1907 2383 ἐν
1947 2316 2213 2404 δευτέρᾳ
2239 2310 2599 2399 Ὀρεστείας

399 2428 513 2497 τὸν
561 2427 960 2517 Παλαμήδην
1019 2429 1192 2514 λέγει
1252 2425 1586 2517 εὑρηκέναι
1641 2428 1749 2511 (τὰ
1813 2434 2175 2513 στοιχεῖα)“
2233 2428 2522 2513 έπεξέτει
2530 2452 2598 2494 νε

401 2538 512 2607 τὸν
552 2546 774 2625 μῦθον
817 2537 929 2607 διὰ
971 2541 1258 2621 πολλῶν,
1301 2534 1392 2618 ῶς
1434 2537 1547 2606 ὅτε
1578 2540 1953 2629 παρέστησε
1993 2539 2108 2608 τὸν
2135 2535 2439 2628 Ὀρέστην
2485 2541 2599 2605 λα-

401 2647 605 2735 βόντα
659 2648 816 2732 τόξα
862 2647 1045 2737 παρὰ
1096 2656 1214 2716 τοῦ
1246 2644 1672 2729 Ἀπόλλωνος
1724 2647 1910 2729 ὅπως
1950 2648 2274 2740 ἀμύνηται
2314 2649 2435 2731 τὰς
2476 2676 2598 2718 κα-

400 2757 849 2839 ταδιωκούσας
890 2755 1087 2826 αὐτὸν
1124 2756 1463 2847 Ἐριννύας.

425 2861 435 2868 ’
492 2879 499 2886 ’
571 2865 730 2959 Ἰδίᾳ
773 2866 948 2954 ὅμως
991 2867 1027 2937 ὁ
1065 2868 1399 2958 Πίνδαρος
1441 2869 1511 2940 έν
1551 2878 1736 2941 Πυθ.
1775 2876 1873 2958 11,
1918 2877 2171 2943 24-57
2218 2870 2599 2961 παραδίδω-

406 3008 511 3052 σιν
567 2980 670 3053 &u
729 2980 765 3052 ὅ
805 2981 1105 3074 Ὀρέστης
1147 2989 1314 3065 παῖς
1357 2977 1446 3051 ὢν
1499 2986 1670 3054 κατὰ
1710 2986 1826 3055 τὸν
1869 2986 2072 3077 φόνον
2115 2993 2233 3054 τοῦ
2271 2981 2597 3073 Ἀγαμέμ-

383 3111 588 3176 ’νονος
640 3093 776 3164 ὑπὸ
831 3101 948 3186 τῆς
1001 3093 1581 3185 Κλυταιμνήστρας
1626 3095 1954 3186 έξηρπάγη
2012 3094 2149 3164 ὑπὸ
2193 3103 2311 3186 τῆς
2351 3100 2600 3185 τροφοῦ

390 3204 729 3298 ,Ἀρσινόης
770 3207 1193 3299 παραδούσης
1245 3206 1441 3276 αὐτὸν
1482 3205 1579 3289 εἷς
1629 3207 1746 3276 τὸν
1787 3207 2112 3298 Στρόφιον
2154 3207 2442 3277 παλαιὸν
2481 3219 2602 3276 τοῦ

390 3316 873 3407 Ἀγαμέμνονος
913 3324 1092 3403 ξένον
1105 3346 1120 3363 ·
1180 3320 1286 3389 ὅτι
1329 3323 1402 3388 δὲ
1442 3318 1610 3405 μετὰ
1651 3325 1857 3386 ταῦτα
1898 3317 2008 3388 ὅτε
2051 3319 2303 3407 ἐγένετο
2346 3319 2601 3400 νεανίας

405 3430 796 3498 ἐπανελθών
855 3426 1080 3499 οἴκαδε
1152 3429 1480 3518 ἐξεδίκησε
1539 3428 1656 3497 τὸν
1715 3431 1972 3520 πατέρα
2029 3429 2429 3511 θανατώσας
2484 3430 2599 3499 τὸν

404 3540 755 3632 Αἴγισθον
809 3542 923 3609 καὶ
964 3541 1080 3630 τὴν
1121 3543 1386 3630 μητέρα.
1451 3536 1576 3607 ’Ἀν
1617 3539 1735 3631 τὴν
1779 3539 2367 3631 Κλυταιμνήστραν
2410 3536 2597 3631 ‹33²2-

406 3679 517 3723 σεν
556 3651 652 3735 εἷς
693 3653 771 3721 τὸ
815 3649 1030 3733 άεικὲς
1085 3650 1271 3739 ἔργον
1310 3648 1350 3741 ἡ
1395 3647 1548 3741 ὀργὴ
1594 3651 1781 3722 ἕνεκα
1833 3659 1951 3742 τῆς
1990 3650 2239 3733 θυσίας
2278 3657 2397 3743 τῆς
2432 3649 2598 3742 Ἰφι-

403 3765 653 3854 γενείας
693 3759 735 3856 ἢ
779 3762 1018 3853 ((ἑτέρῳ
1061 3764 1237 3847 λέχεϊ
1259 3764 1705 3854 δαμαζομένην
1734 3763 1982 3849 ἔννυχοι
2011 3762 2310 3853 πάραγον
2337 3769 2599 3834 κοῖται“

405 3884 647 3966 θεωρεῖ
688 3875 1143 3965 δυσδιάκριτον
1186 3872 1224 3942 δ
1270 3874 1473 3961 μέγας
1514 3872 1789 3962 λυρικός.

371 4001 407 4018 “
428 4023 451 4036 *2
580 3988 836 4070 Ταύτας
875 3987 990 4057 καί
1030 3983 1234 4066 ἄλλας
1278 3981 1514 4070 ὁμοίας
1564 3989 1698 4051 τῶν
1741 3988 2017 4073 λυρικῶν
2061 3983 2387 4075 διηγήσεις
2429 3980 2599 4075 α’φε-

403 4098 630 4190 τηρίαν
688 4100 941 4185 ἔχοντες
996 4096 1061 4167 οἱ
1126 4096 1435 4186 Τραγικοὶ
1486 4093 1934 4187 μετεποίησαν
1995 4096 2112 4165 τὸν
2168 4102 2391 4183 μῦθον
2453 4099 2600 4166 δια-

322 4203 339 4222 ⁴
406 4209 833 4289 σκευάσαντες
876 4205 1072 4282 αὐτὸν
1112 4206 1280 4275 κατὰ
1322 4205 1441 4287 τὰς
1484 4205 1792 4295 σκηνικὰς
1832 4205 1944 4273 καὶ
1976 4204 2381 4293 δραματικὰς
2407 4201 2601 4291 άνάγ-
