3117 4759
1250 1126 1565 1189 ΜΕΡΟΣ
1602 1128 1698 1189 Α.

1143 1363 1710 1456 Κεφάλαιον
1765 1374 1828 1451 β.

1285 1568 1354 1620 Οἱ
1392 1562 1675 1635 Νεώτεροι.

543 1710 1003 1801 Ὁμιλήσαντες
1065 1710 1132 1778 ἑν
1188 1716 1283 1799 τῷ
1337 1711 1801 1799 προηγουμένῳ
1846 1710 2207 1799 Κεφαλαίῳ
2251 1713 2405 1798 περὶ
2447 1720 2577 1779 τῶν

377 1832 604 1916 πηγῶν
661 1818 740 1905 ἃς
800 1826 1194 1910 παρέχουσιν
1249 1820 1406 1912 ἡμῖν
1461 1819 1522 1888 οἳ
1586 1818 1846 1908 άρχαῖοι
1902 1829 2291 1913 συγγραφεῖς
2348 1823 2443 1905 εἷς
2495 1823 2574 1892 τὸ

356 1936 804 2025 προκείμενον
849 1934 1095 2025 ζήτημα
1139 1940 1269 2000 τῶν
1313 1930 1754 2020 Εὐριπιδείων
1784 1930 2140 2021 Προλόγων
2183 1933 2575 2020 μεταβαίνο-

374 2073 478 2116 νεν
537 2043 657 2136 ἤδη
702 2045 780 2112 νὰ
838 2042 1273 2134 έρευνήσωμεν
1332 2050 1480 2123 πῶς
1520 2040 1560 2132 ἡ
1607 2046 1881 2132 νεωτέρα
1943 2042 2195 2131 κριτικὴ
2244 2034 2575 2127 ἐξεδέξατο

374 2157 486 2225 καὶ
542 2153 925 2247 άντελήφθη
980 2151 1200 2223 αὐτοῦ.
1279 2154 1475 2222 Κατὰ
1543 2161 1752 2221 ταῦτα
1805 2151 2238 2239 ἐπιβάλλεται
2290 2152 2445 2243 ἡμῖν
2497 2180 2574 2222 το

377 2269 560 2358 ἔργον
602 2271 680 2337 νὰ
723 2269 1022 2359 ῥίψωμεν
1074 2265 1144 2336 ἓν
1190 2269 1451 2354 βλέμμα
1494 2266 1614 2334 ἐπὶ
1657 2267 1739 2334 τὰ
1785 2262 2262 2354 οὕσιωδέστερα
2304 2267 2416 2333 καὶ
2459 2294 2574 2334 κυ-

376 2379 650 2469 ριώτερα
691 2386 822 2447 τῶν
863 2381 1050 2468 μέχρι
1096 2375 1373 2468 σήμερον
1407 2378 1873 2462 ἐξενεχθέντων
1904 2372 2036 2444 εἴτε
2066 2375 2175 2443 καὶ
2205 2379 2577 2467 γραφέντων

378 2493 532 2581 περὶ
575 2499 694 2560 τοῦ
736 2487 893 2580 παρ’
940 2487 1269 2581 Εὐριπίδῃ
1312 2488 1674 2579 Προλόγου.

547 2603 689 2673 Καί
732 2604 809 2693 δὴ
857 2611 1120 2693 πρῶτος
1164 2603 1200 2672 ὃ
1238 2604 1672 2693 Βαλκενάριος
1714 2601 2001 2671 ἅπτεται
2040 2607 2159 2670 τοῦ
2190 2599 2574 2691 πράγματος

376 2718 475 2798 (ἕν
520 2718 843 2783 Diatribes
885 2740 1029 2802 κεφ.
1063 2721 1122 2796 9,
1172 2718 1304 2782 σελ.
1342 2719 1424 2783 92
1471 2714 1537 2781 ἐν
1582 2721 1662 2803 τῇ
1706 2710 1963 2782 ἐκδόσει
2006 2720 2125 2780 τοῦ
2147 2711 2574 2801 Ἱππολύτου)

372 2825 613 2911 μεταξὺ
655 2821 872 2892 ἄλλων
902 2824 1104 2912 λέγων
1149 2828 1264 2906 „In
1308 2829 1409 2894 his
1441 2830 1733 2913 ‚prologis
1765 2830 2052 2896 versibus
2083 2831 2570 2913 elegantissimis

374 2949 438 3007 et
479 2964 670 3025 saepe
712 2962 948 3026 magna
990 2962 1135 3006 cum
1179 2961 1335 3005 cura
1395 2942 1983 3030 κατερρινημένοις,
2046 2945 2161 3010 sed
2204 2945 2292 3009 ad
2333 2943 2570 3009 Home-

371 3076 549 3120 ream
592 3060 810 3120 tamen
862 3052 1196 3138 Sophoclis
1253 3052 1661 3135 majestatem
1703 3055 2080 3135 neutiquam
2137 3053 2571 3135 aequiparan-

374 3165 474 3230 dis
517 3171 728 3230 totum
780 3165 1092 3232 dramatis
1134 3171 1584 3247 argumentum
1597 3214 1613 3242 ,
1671 3184 1748 3229 ea
1789 3163 2116 3228 interdum
2162 3169 2567 3243 enarrantur,

374 3295 541 3358 quae
589 3296 839 3340 omnem
883 3297 962 3341 ex
1019 3276 1249 3342 ultima
1293 3276 1548 3339 demum
1593 3280 1781 3359 parte
1826 3274 2207 3356 capiendam
2251 3274 2569 3340 auditori-

372 3386 492 3453 bus
534 3387 965 3451 intervertant
1008 3386 1466 3470 voluptatem“.
1552 3381 1750 3451 Κατὰ
1810 3388 1926 3472 τῆς
1968 3378 2410 3472 ἀποφάνσεως
2449 3388 2569 3450 τοῦ

370 3489 729 3580 βαταβίνου
793 3489 1145 3581 φιλολόγου
1188 3493 1491 3582 ἐπῆλθον
1534 3488 1723 3562 ἄλλοι
1766 3519 1838 3561 τε
1881 3492 1992 3560 καὶ
2034 3490 2070 3561 δ
2118 3496 2425 3563 Sohulzer
2469 3496 2567 3576 (ἐν

369 3611 463 3694 τῷ
507 3602 957 3693 συγγράμματι
999 3600 1200 3670 αὑτοῦ
1242 3607 1513 3673 Theorie
1560 3608 1676 3673 der
1719 3608 2002 3674 seh'dnen
2032 3607 2278 3672 Kiinste
2322 3603 2466 3689 τόμ.
2505 3612 2558 3688 1,

370 3720 502 3787 σελ.
552 3720 702 3803 145)
751 3716 1236 3801 διατεινάμενος
1276 3715 1383 3784 ὅτι
1425 3714 1563 3805 ὅσῳ
1603 3719 1853 3803 μᾶλλον
1895 3716 2152 3806 γνωστὰ
2194 3716 2561 3787 καθίσταν-

370 3854 479 3898 ται
533 3827 573 3920 ἡ
634 3835 753 3897 τοῦ
805 3827 1029 3926 μύθου
1086 3828 1331 3918 πλοκὴ,
1400 3826 1468 3896 αἱ
1516 3828 1826 3920 διάφοροι
1881 3830 2301 3919 περιπέτειαι
2343 3831 2455 3898 καὶ
2496 3830 2561 3899 οἱ

369 3938 671 4024 κίνδυνοι,
722 3966 836 4022 ους
877 3937 916 4030 ἡ
960 3946 1076 4030 τῆς
1120 3943 1516 4031 δραματικῆς
1560 3939 1856 4031 πράξεως
1897 3939 2187 4031 πρόοδος
2213 3944 2437 4027 μέλλει
2482 3969 2562 4010 να
2653 4015 2672 4032 ,

368 4052 798 4141 συνεπαγάγῃ,
834 4050 1129 4141 τοσούτῳ
1155 4051 1574 4142 βεβαιότερον
1602 4051 1714 4121 καὶ
1744 4051 2151 4143 ἰσχυρότερον
2180 4050 2561 4141 ἐξεγείρεται

365 4159 442 4229 τὸ
486 4160 866 4251 ἓνδιαφέρον
912 4161 1095 4252 παρὰ
1137 4168 1279 4243 τοῖς
1321 4168 1621 4244 θεαταῖς.
