3117 4759
1606 338 1689 403 22

506 603 512 626 ζ
551 538 682 599 θον
734 527 950 597 αὐτὸν.
1046 527 1136 597 Ίὸ
1192 526 1376 616 ἔργον
1432 532 1551 595 τοῦ
1591 524 1933 616 Προλόγου
1988 524 2369 593 συνίσταται
2414 520 2509 602 εἰς
2549 521 2625 589 τὸ
2669 522 2747 587 νὰ

506 643 515 696 ἲ
555 640 816 732 δηλώσῃ
856 639 973 730 τὴν
1016 636 1244 728 α’ρχὴν,
1306 635 1621 727 πρόοδον,
1691 635 1945 726 πλοκὴν
1986 633 2099 702 καί
2142 660 2288 714 πως
2329 633 2443 701 καὶ
2483 632 2599 722 τὴν
2642 630 2748 701 ἔκ-

553 762 752 841 βασιν
806 758 924 842 τῆς
965 754 1364 840 δραματικῆς
1406 752 1676 839 πλοκῆς.
1767 746 1898 816 Διὸ
1957 742 2085 816 εἶνε
2129 744 2166 814 ὃ
2209 744 2550 835 Πρόλογος
2591 741 2751 812 ὡσεὶ

498 845 539 914 f
552 865 898 949 θεμέλιον,
961 862 1047 950 ἐφ
1103 852 1180 928 οὗ
1222 861 1300 927 τὸ
1345 861 1560 947 δρᾶμα
1603 856 1894 947 ὑψοῦται
1936 857 2048 925 καὶ
2088 855 2458 944 βασίζεται,
2520 854 2631 923 καὶ
2674 848 2749 923 οὗ

553 972 876 1062 άρθέντος
920 974 1030 1042 δέν
1068 969 1421 1061 ὖφίσταται
1466 969 1543 1037 τὸ
1574 972 1808 1058 δρᾶμα.
1890 967 1997 1051 Ὡς
2037 971 2235 1058 μέρος
2278 971 2351 1038 δέ
2378 968 2597 1058 κύριον
2638 968 2752 1036 καὶ

554 1083 1004 1174 άπαραίτητον
1058 1090 1176 1172 τῆς
1231 1079 1597 1171 τραγῳδίας
1650 1077 1956 1166 ὀνομάζει
2008 1081 2124 1149 τὸν
2166 1080 2507 1169 Πρόλογον
2560 1079 2671 1147 καὶ
2714 1075 2751 1147 ὃ

540 1194 1000 1286 Ἀριστοτέλης
1058 1194 1128 1262 ἐν
1169 1197 1497 1281 Ποιητικῇ
1550 1217 1695 1281 κεφ.
1746 1196 1826 1261 12
1874 1189 2092 1261 (ιἘστὶ
2134 1195 2207 1262 δὲ
2249 1192 2589 1282 Πρόλογος
2623 1193 2753 1277 ,μὲν

546 1309 753 1395 ’μέρος
794 1304 947 1373 ὅλον
990 1311 1107 1394 τῆς
1148 1302 1509 1392 τραγῳδίας
1548 1299 1626 1370 τὸ
1657 1291 1789 1392 πρὸ
1814 1310 2011 1390 χοροῦ
2039 1303 2381 1389 παρόδουίί
2422 1299 2594 1390 ἅπερ
2635 1298 2750 1390 ο’ρ-

557 1422 705 1496 θῶς
748 1415 1076 1499 ἐκδέχεται
1117 1411 1154 1482 ὁ
1187 1416 1266 1482 G.
1296 1415 1626 1481 Hermann
1670 1409 1777 1481 ὅτι
1807 1411 1876 1480 αὶ
1906 1414 2027 1499 μὲν
2058 1416 2264 1498 λέξεις
2294 1414 2530 1502 ἰμέρος
2558 1409 2754 1480 ὅλον“

560 1526 995 1617 σημαίνουσαι
1050 1529 1248 1615 μέρος
1305 1520 1608 1613 ἀκέραιον
1666 1524 1780 1592 καὶ
1832 1527 2081 1595 τέλειον
2126 1524 2550 1610 συνδεόμενον
2594 1522 2753 1592 ἄνα-

560 1635 973 1716 ποσπάστως
1023 1635 1190 1721 μετὰ
1233 1641 1363 1703 τῶν
1407 1638 1664 1704 λοιπῶν
1705 1643 1917 1724 μερῶν
1971 1644 2091 1705 τοῦ
2134 1636 2467 1725 δράματος
2507 1633 2757 1727 άναφέ-

559 1773 783 1837 ρονται
834 1760 925 1829 είς
975 1747 1092 1837 τὴν
1136 1746 1521 1838 έσωτερικὴν
1575 1755 1695 1816 τοῦ
1737 1746 2079 1838 Προλόγου
2124 1748 2347 1839 φύσιν,
2406 1746 2476 1816 αἶ
2521 1750 2593 1817 δὲ
2640 1748 2756 1817 “τὸ

559 1859 694 1945 πρὸ
731 1865 928 1948 χοροῦ
979 1857 1321 1949 παρόδουιι
1364 1857 1460 1940 εἰς
1500 1861 1619 1950 τὴν
1665 1861 2042 1952 έξωτερικὴν
2080 1860 2278 1950 φύσιν
2322 1859 2760 1952 έκφράζουσαι

558 1969 642 2035 τὰ
685 1966 831 2058 ὅρια
872 1971 1057 2059 μέχρι
1099 1976 1231 2037 τῶν
1272 1968 1526 2040 ὁποίων
1571 1972 1925 2056 ἐκτείνεται
1966 1969 2003 2039 ὁ
2035 1970 2394 2060 Πρόλογος.
2475 1967 2579 2038 Ἐν
2607 1966 2760 2037 τού-

560 2106 702 2160 τοις
742 2078 1025 2172 ἦδύνατο
1067 2078 1104 2149 ὃ
1149 2082 1432 2173 ποιητὴς
1472 2084 1552 2151 νὰ
1598 2088 1979 2175 προεκθέσῃ
2022 2084 2090 2152 έν
2132 2090 2228 2171 τῷ
2269 2080 2588 2171 Προλόγῳ
2633 2079 2759 2151 ὅσα

562 2194 852 2284 ἔπρεπεν
905 2191 1039 2264 εἴτε
1097 2195 1166 2262 έν
1221 2192 1407 2286 ἁπλῇ
1465 2195 1758 2287 διηγήσει
1810 2192 1943 2264 εἴτε
1999 2194 2111 2264 διὰ
2163 2191 2468 2281 διαλόγου
2520 2195 2760 2278 μεταξὺ

563 2306 705 2377 δύο
738 2314 857 2376 τοῦ
914 2304 1243 2395 δράματος
1299 2306 1712 2396 προσώπων,
1779 2306 2083 2375 ἐντεῦθεν
2147 2304 2374 2392 ἔχομεν
2429 2304 2545 2374 δύο
2614 2306 2761 2394 γένη

562 2414 953 2505 Προλόγων,
1012 2408 1103 2483 ὧν
1146 2414 1224 2484 τὸ
1277 2418 1400 2502 μὲν
1442 2415 1906 2507 διηγηματικὸν
1965 2413 2233 2497 δικαίως
2273 2417 2759 2502 propositionem

562 2526 639 2596 τὸ
695 2527 768 2596 δὲ
811 2525 1179 2613 διαλογικὸν
1234 2530 1418 2614 γένος
1473 2530 1911 2613 expositionem
1956 2529 2142 2595 καλεῖ
2184 2524 2221 2595 ὅ
2265 2530 2608 2597 Εἰοῇεῐᾶᾶῒ,
2649 2528 2761 2615 (de

568 2640 770 2704 dram.
818 2639 1370 2724 comico-satyrico
1416 2661 1475 2705 σ.
1507 2641 1641 2726 90).
2699 2705 2710 2712 .

742 2746 1001 2816 Τούτων
1041 2748 1370 2817 τεθέντων
1398 2748 1636 2819 ἕπεται
1678 2748 1786 2820 ὅτι
1827 2751 1940 2820 καὶ
1982 2749 2019 2819 ὅ
2051 2747 2414 2842 Εὐριπίδης
2456 2749 2612 2820 ὅσον
2652 2749 2765 2817 καὶ

567 2866 704 2940 πᾶς
759 2855 958 2939 ἄλλος
1007 2860 1311 2949 τραγικὸς
1369 2855 1644 2951 ὤφειλεν
1699 2860 2065 2952 α’ναγκαιως
2118 2863 2197 2930 νὰ
2239 2859 2765 2952 μεταχειρίσηται

567 2971 636 3039 έν
679 2976 821 3051 τοῖς
865 2969 1187 3058 δράμασιν
1243 2967 1442 3038 αὑτοῦ
1483 2972 1881 3062 Προλόγους.
1976 2973 2067 3041 Τό
2126 2972 2372 3062 ζήτημα
2415 2969 2593 3055 ὅμως
2635 2966 2765 3040 εἶνε

568 3078 648 3150 ἂν
690 3080 726 3151 ὁ
770 3080 1079 3172 ἡμέτερος
1122 3082 1404 3172 ποιητὴς
1447 3085 1777 3174 διεχάραξε
1835 3086 1984 3153 νέαν
2027 3081 2178 3152 ὁδὸν
2222 3083 2290 3151 έν
2332 3089 2413 3172 τῇ
2458 3073 2766 3172 διασκευῇ

567 3199 700 3264 τῶν
728 3195 1151 3281 Προλογικῶν
1182 3200 1432 3283 σκηνῶν
1474 3190 1515 3283 ἢ
1557 3188 1635 3283 ἢν
1675 3190 2133 3285 ἠκολούθησαν
2178 3189 2245 3261 οἱ
2274 3190 2583 3281 πρότεροι
2609 3217 2765 3281 τρα-

569 3303 758 3391 γικοὶ,
807 3301 863 3371 ὅ
888 3300 1232 3386 Αἰσχύλος
1276 3302 1540 3393 δῆλον“
1516 3301 1622 3372 ότι
1664 3302 1775 3370 καὶ
1820 3300 1855 3372 ό
1902 3307 2272 3394 Σοφοκλῆς·
2318 3302 2430 3371 καὶ
2474 3300 2767 3391 δεύτερον

570 3413 740 3483 ποία
779 3442 818 3504 η
882 3410 1065 3482 αιτία
1108 3412 1252 3503 ἥτις
1296 3413 1587 3504 ἐκίνησεν
1640 3410 1838 3483 αύτὸν
1894 3415 1974 3483 νὰ
2016 3418 2605 3556 διαπραγματευθῇ
2645 3409 2765 3481 ἷίλ-

572 3529 700 3605 λως
741 3524 854 3593 καὶ
901 3521 1294 3614 διασκευάση
1335 3523 1451 3592 τὸν
1493 3524 1854 3614 Πρόλογον.

740 3635 925 3723 Πρὸς
968 3633 1156 3703 λύσιν
1198 3641 1317 3702 τοῦ
1360 3634 1629 3725 πρώτου
1676 3635 2037 3727 ζητήματος
2078 3634 2321 3725 ἀνάγκη
2350 3633 2429 3703 νὰ
2470 3633 2768 3724 ῥίψωμεν

572 3743 643 3814 ἓν
697 3746 961 3833 βλέμμα
1018 3743 1139 3813 ἐπὶ
1193 3747 1348 3825 τούς
1401 3742 1781 3833 Προλόγους
1836 3752 1956 3813 τοῦ
2008 3744 2353 3831 Αἰσχύλου
2395 3743 2506 3812 καὶ
2547 3750 2765 3833 Σοφο-

573 3859 814 3937 κλέους.
902 3856 1043 3926 Kal
1084 3855 1163 3946 δὴ
1213 3856 1397 3946 παρὰ
1438 3856 1559 3941 μὲν
1604 3862 1699 3945 τῷ
1741 3853 2063 3950 Αἰσχύλῳ
2106 3856 2173 3926 έν
2216 3861 2364 3935 ταῖς
2406 3851 2768 3923 διασωθεί-

577 3994 727 4049 σαις
769 3965 969 4036 αὑτοῦ
1013 3967 1404 4057 τραγῳδίαις
1447 3962 1576 4037 εἶνε
1635 3966 1672 4036 ὁ
1716 3967 2060 4062 Πρόλογος
2100 3965 2397 4036 καθόλου
2438 3970 2688 4052 μᾶλλον
2730 3964 2772 4060 ἢ

574 4071 778 4167 ἧσσον
823 4076 1135 4167 συνᾴδων
1158 4077 1329 4167 πρὸς
1371 4078 1485 4148 τὸν
1518 4076 2036 4168 Ἀριστοτέλειον
2080 4077 2352 4168 ὁρισμὸν
2394 4074 2639 4165 ἰέμεσος
2679 4078 2770 4149 εἱ-

578 4185 784 4275 σβολὴ
828 4183 924 4265 εἶς
975 4189 1092 4275 τὴν
1135 4189 1535 4280 δραματικὴν
1581 4193 1818 4278 πρᾶξιν
1879 4190 2195 4279 περιέχων
2239 4190 2307 4258 έν
2351 4191 2648 4283 συντόμῳ
2689 4192 2772 4261 τὰ

580 4294 749 4382 πρὸς
788 4290 986 4383 αὐτὴν
1028 4294 1440 4381 σχετιζόμενα
1457 4323 1470 4337 ·
1517 4297 1685 4366 άλλὰ
1731 4300 1840 4368 δέν
1882 4298 2014 4384 ἔχει
2054 4296 2232 4385 ὅμως
2275 4310 2610 4389 πανταχοῦ
2650 4301 2773 4393 μή·
