3117 4759
1632 365 1719 431 26

578 556 694 619 τοῦ
741 551 1199 640 περιεχομένου
1241 546 1471 634 αὐτῶν,
1519 550 1589 617 ἐν
1632 543 1687 640 ᾦ
1728 549 1896 618 κατὰ
1938 550 2054 640 τὴν
2098 550 2472 642 έξωτερικὴν
2513 553 2772 643 μορφὴν

578 661 892 750 διακρίνει
935 661 1229 731 καθόλου
1271 662 1309 730 ό
1352 667 1617 732 Ellendt
1660 659 1931 747 (αὐτόθι
1973 688 2032 732 σ.
2063 667 2173 746 28)
2216 662 2366 753 τρία
2408 666 2555 753 γένη
2584 673 2770 755 Προ-

476 791 482 796 ’
577 772 784 861 λόγων
804 804 826 840 .·
899 781 1015 857 Α)
1050 771 1219 862 ἔνθα
1272 772 1474 858 μόνον
1529 770 1567 840 ὁ
1612 770 1972 861 μονόλογος
2022 771 2298 862 ὑπάρχει
2342 772 2431 855 ὥς
2476 775 2544 843 ἐν
2587 776 2770 844 Βάκ-

572 910 736 968 χαις,
778 871 1206 966 ἹκέτισιζἈΒ)
1251 882 1421 954 ἔνθα
1461 885 1628 971 μετὰ
1670 885 1785 954 τὸν
1826 883 2181 973 μονόλογον
2218 882 2580 954 ἀκολουθεῖ
2623 885 2770 955 διά-

577 998 798 1083 λογος,
863 994 938 1064 ὅν
998 995 1318 1066 συνάπτει
1370 998 1446 1066 τὸ
1492 1004 1756 1086 πρῶτον
1814 995 2181 1084 πρόσωπον
2222 992 2364 1082 μετ’
2407 992 2607 1065 ἷίλλου
2651 996 2771 1065 ἐπὶ

577 1116 814 1200 σκηνῆς
858 1114 1342 1199 παρερχομένου
1387 1108 1478 1192 ὥς
1521 1109 1591 1178 ἐν
1622 1108 2032 1199 Ἀλκήστιδι,
2073 1106 2546 1194 εΗρακλείδαις,
2587 1106 2769 1179 Ἑλέ-

575 1246 651 1309 νῃ
667 1270 684 1303 ,
738 1217 1049 1306 (Ηρακλεῖ
1090 1222 1524 1309 Μαινομένῳ,
1583 1218 1846 1311 Ὀρέστῃ
1894 1220 2007 1289 καὶ
2065 1226 2152 1308 Γ)
2196 1222 2402 1290 έκεῖνο
2445 1221 2522 1290 τὸ
2564 1224 2764 1308 γένος,

574 1327 645 1394 ἐν
687 1319 772 1416 ᾧ,
838 1324 953 1416 ἀφ’
1001 1321 1077 1396 οἷ
1120 1328 1198 1396 τὸ
1258 1335 1522 1417 πρῶτον
1566 1328 1965 1421 ἀποχωρήσῃ
2020 1337 2137 1421 τῆς
2180 1336 2442 1421 σκηνῆς,
2506 1326 2770 1418 ἔρχεται

574 1431 737 1526 αὐτὴ
790 1434 829 1526 ἦ
891 1442 1130 1524 πρᾶξις
1186 1435 1321 1508 εἴτε
1361 1441 1794 1529 παρέρχονται
1839 1439 1955 1509 δύο
2014 1442 2127 1510 νέα
2169 1440 2505 1530 πρόσωπα
2547 1444 2768 1510 διαλε-

572 1543 812 1633 γόμενα
864 1544 954 1628 ὥς
997 1547 1066 1616 ἐν
1102 1546 1506 1640 Ἱππολύτῳ,
1577 1549 1965 1633 Φοινίσσαις
1980 1605 1997 1636 ,
2053 1548 2395 1643 Ἰφιγενείᾳ
2452 1553 2520 1621 ἐν
2571 1562 2761 1643 Ταυρ.

577 1696 661 1711 -—
706 1654 840 1726 εἴτε
879 1656 951 1727 ἓν
996 1660 1362 1747 πρόσωπον
1405 1662 1473 1729 έν
1502 1666 1740 1750 λυρικῷ
1769 1666 1940 1751 λογῳ
1969 1661 2059 1744 ῶς
2086 1659 2342 1732 ἐν’Ίωνι
2372 1663 2483 1732 καὶ
2505 1664 2765 1758 Ἑκάβῃ.

743 1765 1109 1857 Ἐρχόμεθα
1149 1766 1271 1861 ἤδη
1317 1771 1437 1839 ἐπὶ
1479 1771 1557 1839 τό
1605 1771 1884 1863 ζήτημα,
1946 1770 2125 1841 διατὶ
2165 1769 2202 1839 ὁ
2246 1769 2610 1863 Εὐριπίδης
2650 1775 2768 1863 τὴν

574 1878 731 1969 παρ’
786 1879 1108 1971 Αἰσχύλῳ
1163 1883 1274 1950 καὶ
1331 1886 1662 1974 Σοφοκλεῖ
1715 1882 1967 1973 συνήθη
2021 1891 2153 1951 τῶν
2209 1882 2565 1970 Προλόγων
2618 1886 2767 1953 δια-

575 1991 807 2084 σκευὴν
875 1991 1261 2060 καταλιπών
1327 1991 1582 2084 ἐτράπη
1653 1995 1802 2062 νέαν
1857 1992 2030 2062 όδόν.
2133 1992 2205 2061 Ὁ
2255 1997 2600 2062 Είοὴειῆᾶι
2654 1999 2767 2084 (de

573 2110 777 2176 dram.
810 2111 1361 2194 comico-satyrico
1406 2130 1467 2174 σ.
1503 2110 1655 2195 100)
1700 2111 1928 2196 φρονεῖ
1956 2103 2058 2174 ὅτι
2102 2103 2139 2174 ὁ
2172 2102 2538 2196 Εὐριπίδης
2579 2103 2769 2177 οὐδὲν

569 2211 732 2283 ἄλλο
777 2214 1053 2305 ἔπραξεν
1096 2212 1187 2295 ὥς
1228 2216 1400 2304 πρὸς
1439 2216 1556 2306 τὴν
1598 2222 1731 2282 τῶν
1773 2214 2134 2303 Προλόγων
2171 2223 2400 2306 χρῆσιν
2443 2212 2486 2307 ἢ
2527 2217 2770 2309 ἐπανή-

568 2354 760 2416 γαγεν
816 2325 912 2408 εἷς
965 2327 1168 2411 μέσον
1223 2326 1340 2415 τὴν
1399 2322 1673 2412 άρχαίαν
1730 2323 1942 2395 αὐτῶν
1993 2326 2254 2417 μορφὴν
2306 2320 2381 2417 ἢν
2435 2328 2618 2417 παρὰ
2673 2336 2767 2417 τῷ

578 2438 870 2506 Θέσπιδι
926 2431 1116 2520 εἶχον.
1205 2436 1344 2504 Καὶ
1406 2441 1745 2525 συμφωνεῖ
1801 2436 1971 2524 πρὸς
2030 2432 2227 2505 αὐτὸν
2267 2437 2506 2522 μεταξὺ
2551 2434 2774 2512 ἄλλων,

566 2548 680 2616 καὶ
721 2545 757 2616 ὁ
787 2550 1002 2634 Bergk
1035 2550 1390 2628 (Hallisohe
1421 2548 1897 2632 Encyolopssidie
1941 2542 2095 2635 ἅρθ.
2129 2545 2518 2636 Εὐριπίδης)
2564 2536 2765 2636 λέγων

567 2659 673 2729 ὅτι
726 2658 764 2728 ό
821 2658 1134 2751 ἡμέτερος
1188 2658 1488 2747 τραγικὸς
1549 2660 1657 2726 “in
1712 2662 1828 2727 der
1869 2662 2298 2746 Behandlung
2343 2664 2457 2730 des
2499 2664 2763 2749 Prologs

566 2777 760 2843 kehrt
817 2797 889 2841 er
940 2776 1232 2842 offenbar
1282 2798 1363 2840 zu
1424 2776 1541 2840 der
1598 2775 2017 2842 archaischen
2061 2776 2272 2843 Weise
2331 2778 2444 2844 des
2498 2775 2763 2862 Prologs

567 2887 870 2954 zuriick“.
957 2884 1094 2953 Δὲν
1152 2881 1494 2968 δυνάμεθα
1550 2883 1630 2951 νὰ
1686 2885 2219 2975 συμφωνήσωμεν
2269 2885 2435 2971 μετὰ
2477 2895 2609 2954 τῶν
2654 2890 2763 2978 ζη-

566 2994 849 3063 τούντων
908 2994 987 3062 νὰ
1046 2990 1395 3083 άνεύρωσιν
1454 2991 1590 3063 εἴτε
1645 3002 1854 3085 ῥητῶς
1912 2994 2096 3083 παρὰ
2152 3001 2247 3081 τῷ
2296 2997 2585 3064 Θέσπιδι
2629 2995 2765 3067 εἴτε

568 3110 636 3177 έν
679 3111 849 3196 γένει
891 3108 960 3176 έν
1001 3114 1084 3198 τῇ
1123 3104 1518 3196 άρχαιοτάτῃ
1550 3111 1916 3195 δραματικῇ
1958 3104 2226 3193 ποιήσει
2252 3103 2370 3194 τὴν
2411 3103 2607 3194 ἀρχὴν
2649 3108 2763 3176 καὶ

567 3224 815 3307 γένεσιν
870 3224 1000 3286 τῶν
1046 3215 1483 3307 Εὐριπιδείων
1525 3216 1915 3305 Προλόγων,
1989 3211 2162 3283 διότι
2209 3214 2520 3299 μολονότι
2575 3213 2761 3285 οὐδὲν

565 3333 835 3402 θετικὸν
905 3331 1305 3422 γινώσκομεν
1369 3330 1524 3420 περὶ
1587 3336 1705 3419 τῆς
1769 3329 2155 3419 έσωτερικῆς
2213 3335 2343 3396 τῶν
2404 3330 2759 3419 Προλόγων

567 3443 823 3535 φύσεως
880 3442 1061 3530 παρὰ
1119 3450 1215 3530 τῷ
1267 3444 1587 3524 Θέσπιδι,
1653 3440 1722 3508 έν
1762 3439 2024 3520 τούτοις
2075 3440 2243 3524 μετὰ
2282 3441 2593 3531 μεγίστης
2646 3466 2759 3510 πι-

566 3554 937 3644 θανότητος
995 3552 1338 3639 δυνάμεθα
1392 3551 1470 3620 νὰ
1530 3554 2087 3642 διϊσχυρισθῶμεν
2144 3550 2248 3622 ὅτι
2306 3550 2624 3623 άδύνατον
2680 3554 2759 3623 νὰ

567 3662 740 3751 εἶχον
782 3664 899 3756 τὴν
944 3666 1501 3754 έπιμεμελημένην
1545 3662 1791 3754 ἐκείνην
1834 3663 2128 3749 διάταξιν
2169 3662 2266 3746 εἰς
2308 3665 2390 3733 τὰ
2418 3663 2573 3732 καθ’
2603 3666 2757 3732 ἕκα-

568 3803 722 3859 στα,
790 3775 963 3843 πολὺ
1020 3776 1093 3844 δὲ
1149 3776 1398 3860 μᾶλλον
1452 3767 1619 3864 ἦσαν
1674 3771 1796 3858 μία
1856 3774 2128 3856 ἐντελῶς
2168 3773 2352 3863 ἁπλῆ
2404 3774 2515 3841 καὶ
2554 3775 2756 3865 γυμνὴ

567 3886 863 3977 διήγησις
914 3884 1058 3975 ἥτις
1112 3883 1255 3970 οὐχὶ
1308 3881 1449 3951 κατ’
1506 3882 1728 3972 ὀλίγον
1786 3880 1929 3952 ἀλλ’
1972 3881 2233 3970 α’μέσως
2272 3884 2382 3952 καὶ
2428 3885 2506 3973 δὴ
2549 3893 2759 3975 ῥητῶς

567 3998 906 4069 ἐδίδασκεν
963 3994 1058 4078 εἷς
1113 3997 1268 4078 τοὺς
1320 3996 1573 4076 θεατὰς
1629 3995 1747 4085 τὴν
1802 3995 2165 4078 ὑπόθεσιν,
2234 3994 2348 4064 τὸν
2389 3995 2599 4065 τόπον
2643 3999 2757 4066 καὶ

564 4108 793 4196 χρόνον
832 4114 949 4175 τοῦ
992 4106 1321 4197 δράματος
1367 4103 1483 4190 (ἴδ.
1518 4107 1962 4195 ἐκτενέστερον
2004 4105 2160 4194 περὶ
2194 4107 2427 4173 τούτου
2450 4107 2565 4176 τὸν
2593 4112 2754 4179 Voss

569 4221 639 4287 ἐν
680 4225 774 4305 τῷ
817 4219 1328 4306 μνημονευθέντι
1357 4216 1612 4308 νβιβλίῳ
1670 4220 1800 4285 σελ.
1835 4221 1962 4300 19).
2058 4210 2225 4284 Οὔτε
2269 4220 2341 4286 δὲ
2383 4218 2555 4287 πολύ
2605 4201 2752 4290 διά-

571 4351 774 4417 φορον
818 4323 1171 4416 α’ντίληψιν
1212 4325 1516 4416 φαίνεται
1559 4327 1720 4415 ἐᾷων
1761 4332 1918 4419 περὶ
1960 4338 2078 4422 τῆς
2118 4334 2423 4421 γενέσεως
2463 4339 2594 4401 τῶν
2621 4330 2752 4401 Εὖ-
