3117 4759
1579 310 1660 375 10

519 508 662 570 tata
716 504 1072 589 protulerit.
1162 502 1331 568 Hinc
1392 501 1506 567 illa
1559 501 1907 567 necessitas
1963 500 2376 585 prologorum
2428 503 2710 569 scriben-

521 617 748 682 dorum
762 666 778 694 ,
847 616 1080 700 quibus
1137 616 1467 697 antiquior
1511 615 1849 699 tragoedia
1902 614 2093 680 facile
2137 616 2402 681 carebat
2422 666 2437 695 ,
2492 638 2710 699 quum,

520 728 675 811 quid
730 728 929 793 visuri
985 732 1202 793 essent
1244 731 1641 809 spectatores
1659 777 1673 805 ‚
1736 732 1959 791 notum
2012 727 2091 793 iis
2134 733 2303 794 esset
2319 779 2334 807 ,
2391 732 2713 796 recentior

519 845 738 905 autem
782 858 1002 903 carere
1045 859 1173 903 non
1218 839 1432 921 potuit
1442 888 1465 916 ,‚
1530 837 1686 920 quia
1731 838 2059 904 exhaustis
2116 841 2445 906 tractandi
2499 842 2596 925 cuj
2604 864 2711 907 us-

519 972 644 1033 que
686 951 1050 1035 argumenti
1093 950 1324 1028 modis,
1381 970 1547 1014 nova
1590 950 1910 1031 quaedam
1953 955 2021 1016 et
2063 972 2104 1016 a
2146 953 2463 1017 communi
2506 952 2710 1017 tradi-

515 1065 692 1129 tione
748 1061 1118 1128 recedentia
1176 1062 1739 1141 comminiscenda,
1820 1083 1986 1144 quae
2038 1062 2162 1126 nisi
2218 1068 2370 1126 ante
2423 1062 2711 1127 indicata

515 1175 989 1261 spectatoribus
1031 1175 1330 1253 fuissent,
1367 1197 1503 1248 *non
1546 1175 1737 1241 modo
1784 1175 2122 1260 deceptam
2167 1177 2709 1258 exspectationem

517 1310 698 1354 suam
743 1288 1068 1366 vidissent,
1116 1287 1230 1352 sed
1276 1309 1467 1371 saepe
1512 1310 1595 1354 ne
1637 1288 1999 1371 intelligere
2044 1288 2303 1369 quidem
2320 1338 2336 1365 ,
2382 1288 2540 1369 quid
2585 1287 2707 1352 sibi

515 1400 757 1466 vellent
798 1405 1080 1477 actores,
1140 1400 1566 1482 potuissent“.
1659 1395 1789 1486 Τὴν
1831 1394 2087 1484 γνώμην
2130 1391 2367 1484 ταύτην
2409 1402 2525 1462 τοῦ
2560 1392 2705 1481 Ἑρ-

484 1569 495 1576 .
511 1508 783 1595 μάννου,
828 1506 1081 1588 οῧτινος
1123 1503 1334 1589 ἄλλως
1377 1515 1567 1576 πᾶσα
1611 1503 1990 1597 α’πόφανσις
2032 1506 2103 1577 ἐν
2143 1514 2224 1597 τῇ
2263 1505 2490 1597 ὑψηλῇ
2536 1516 2703 1597 Κρι-

518 1627 666 1711 τικῇ
722 1618 987 1708 βαρύνει
1047 1617 1221 1702 λίαν,
1302 1620 1410 1688 δὲν
1469 1618 1809 1706 δυνάμεθα
1867 1619 1945 1687 νὰ
2001 1617 2466 1707 ἄσπασθῶμεν
2522 1621 2707 1690 ἕνεκα

511 1740 707 1823 τριῶν
749 1731 956 1820 λόγων
1501 1732 1510 1740 ’

682 1848 754 1931 α)
822 1843 1011 1912 διότι
1051 1842 1200 1912 τότε
1257 1843 1458 1929 μόνον
1515 1843 1614 1911 θὰ
1673 1838 1838 1928 εἶχεν
1895 1842 2117 1931 ὀρθῶς
2174 1842 2213 1935 ἡ
2259 1843 2477 1935 γνώμη
2522 1845 2701 1936 αὕτη,

513 1954 626 2024 ἐὰν
662 1954 862 2039 μόνον
905 1955 973 2022 έν
1027 1961 1175 2036 ταῖς
1227 1953 1658 2043 Τραγῳδίαις,
1729 1948 1817 2022 ὧν
1873 1955 1988 2023 τὸν
2028 1964 2251 2042 μῦθον
2294 1961 2701 2048 διεπραγμα-

513 2065 790 2134 τεύσατο
849 2064 982 2152 πρὸ
1043 2061 1244 2133 αύτοῢ
1309 2063 1345 2132 o‘
1403 2063 1748 2149 Αἰσχύλος
1804 2063 1938 2134 εἴτε
2003 2066 2039 2133 ὁ
2098 2071 2469 2158 Σοφοκλῆς,
2538 2062 2703 2158 ἦσαν

514 2179 1024 2265 προτεθειμένοι
1084 2175 1398 2264 πρόλογοι
1417 2229 1432 2259 ,
1505 2174 1649 2262 ου’χὶ
1694 2179 1766 2246 δὲ
1823 2178 1936 2246 καὶ
1980 2179 2048 2247 ἒν
2094 2180 2369 2261 ἐκείναις
2380 2234 2397 2264 ,
2459 2174 2548 2247 ιῧν
2589 2183 2702 2250 τὸν

509 2295 731 2373 μῦθον
806 2290 914 2355 δέν
973 2285 1514 2374 ἐπεξειργάσαντο
1578 2279 1789 2355 οὗτοι·
1859 2285 2031 2355 διότι
2087 2288 2373 2375 γνωστὸν
2431 2288 2536 2358 ὅτι
2592 2292 2705 2359 καὶ

510 2400 809 2490 δράματα
852 2395 948 2480 εἷς
990 2398 1106 2488 τὴν
1146 2398 1519 2467 τελευταίαν
1562 2397 1744 2482 τάξιν
1785 2396 2150 2485 ἀναγόμενα
2192 2401 2300 2469 δὲν
2330 2410 2707 2491 στεροῢνται

510 2511 882 2602 προλόγων,
958 2510 1076 2579 ἐπὶ
1119 2509 1604 2598 παραδείγματι
1648 2507 1684 2577 ὁ
1722 2508 2046 2601 εΗρακλῆς
2095 2512 2509 2597 Μαινόμενος
2550 2511 2703 2605 α’νή-

508 2650 637 2691 κων
697 2622 791 2704 εἰς
845 2622 961 2691 τὸν
1013 2621 1247 2690 κύκλον
1304 2629 1434 2689 τῶν
1489 2628 1856 2707 βοιωτικῶν
1898 2620 2134 2706 μύθων
2178 2622 2291 2690 τὸν
2333 2623 2423 2713 μὴ
2469 2622 2705 2706 ἱκανῶς

496 2736 984 2824 Ϋέξαντληθέντα
1038 2731 1173 2801 ὑπὸ
1230 2739 1361 2815 τῶν
1426 2734 1763 2822 προτέρων
1823 2739 2169 2820 τραγικῶν,
2238 2734 2348 2801 καὶ
2409 2736 2704 2811 διδάσκει

503 2844 677 2936 ἡμᾶς
718 2843 754 2912 ὁ
787 2848 1083 2914 Welcker
1127 2844 1194 2911 ἐν
1237 2850 1332 2931 τῷ
1374 2842 1824 2931 συγγράμματι
1854 2842 2053 2911 αὑτοῦ
2097 2848 2507 2915 Griechische
2542 2850 2701 2916 Tra-2

507 2960 740 3044 godien
795 2953 900 3024 ὅτι
956 2955 1156 3039 μόνον
1200 2954 1236 3021 ὃ
1282 2950 1648 3044 Εὐριπίδης
1706 2955 1955 3044 ἔγραψε
1990 2953 2315 3046 εΗρακλέα
2356 2964 2702 3043 ,Μαινόμε-

507 3093 635 3135 νον.
714 3065 799 3134 ‘H
820 3065 1176 3156 Ἄλκηστις
1218 3067 1486 3155 παρέχει
1527 3066 1684 3157 ἡμῖν
1714 3064 1873 3134 ἄλλο
1906 3067 2336 3154 παράδειγμα,
2386 3067 2559 3136 διότι
2589 3071 2700 3136 καὶ

505 3177 743 3269 ταύτην
787 3181 894 3247 δέν
939 3177 1588 3268 διεπραγματεύσατο
1631 3177 1793 3267 μήτε
1837 3175 1873 3244 o‘
1904 3175 2248 3260 Αἰσχύλος
2286 3177 2450 3269 μήτε
2493 3177 2529 3247 o‘
2575 3188 2700 3249 Σο-

506 3295 754 3383 φοκλῆς
798 3290 886 3373 ὥς
925 3298 1236 3381 μαρτυρεῖ
1278 3290 1314 3382 ἡ
1361 3289 1696 3370 ὑπόθεσις
1738 3295 1857 3356 τοῦ
1900 3297 1943 3354 Ι
1944 3295 2367 3377 ’ραμματικοῢ
2394 3289 2698 3382 Ἀριστο-

506 3400 750 3491 φάνους
795 3400 908 3489 (ἴδ.
955 3406 1011 3471 G
1078 3406 1383 3483 Dindorf‚
1443 3426 1580 3469 nov.
1646 3403 1742 3467 ed.
1793 3403 2087 3469 scholior.
2132 3404 2419 3489 Euripid.
2493 3407 2695 3472 Oxou.

511 3519 722 3597 1863),
785 3515 940 3604 παρ’
980 3506 1022 3605 ἦ
1066 3512 1475 3600 εὑρίσκονται
1516 3518 1721 3580 ταῦτα
1768 3509 1965 3602 ι(παρ’
2010 3508 2327 3603 ούδετέρῳ
2371 3517 2444 3584 δὲ
2485 3523 2696 3583 κεῖται

504 3624 542 3717 ἦ
588 3625 1033 3711 μυθοποιΐαίῑ.
1126 3625 1333 3694 Ου’δὲν
1377 3616 1572 3714 ἦττον
1618 3621 1748 3708 ἔχει
1790 3624 1902 3691 καὶ
1945 3620 2347 3715 ἡ’Ἀλκηστις
2388 3625 2503 3696 τὸν
2533 3627 2698 3716 πρό-

506 3740 696 3824 λογον
740 3734 956 3826 αὐτῆς.

674 3857 742 3934 β)
792 3847 961 3918 διότι
1003 3847 1116 3917 καί
1165 3847 1563 3939 Τραγῳδίαι,
1627 3842 1716 3916 ὧν
1759 3848 1873 3917 τὸν
1915 3857 2137 3936 μῦθον
2181 3851 2613 3943 μετεποίησεν
2658 3853 2694 3924 ὁ

504 3960 870 4052 Εὐριπίδης
912 3960 1079 4029 κατὰ
1124 3961 1294 4030 πολὺ
1319 4013 1336 4044 ,
1400 3956 1540 4029 οἷον
1583 3960 1621 4051 ἢ
1663 3959 1983 4050 Ἠλέκτρα
2025 3963 2136 4030 καὶ
2178 3963 2217 4052 ἡ
2257 3962 2506 4054 Ἑλένη,
2570 3963 2696 4036 εἶνε

502 4073 898 4163 κατανοηταὶ
939 4072 1052 4141 καί
1093 4070 1587 4163 ἀφαιρουμένων
1614 4080 1746 4143 τῶν
1774 4074 2134 4164 προλόγων.
2218 4072 2321 4143 Ἐν
2362 4084 2444 4166 τῇ
2468 4075 2694 4146 εΗλέκ-

411 4184 414 4186 ’
504 4210 626 4273 τρα
684 4185 879 4272 δῆλον
931 4182 1036 4252 ὅτι
1095 4180 1589 4274 ἀφαιρουμένων
1644 4193 1774 4254 τῶν
1826 4191 1913 4255 54
1954 4185 2233 4276 πρώτων
2287 4185 2523 4273 στίχων
2565 4196 2693 4255 τῶν
