3117 4759
1628 349 1712 414 30

571 534 773 606 αὖτοῦ
792 568 815 606 .·
886 541 1102 608 Ueber
1160 542 1264 606 die
1318 540 1590 624 Prologe
1650 541 1763 607 des
1819 539 2087 605 Plautus
2105 590 2120 618 ‚
2189 540 2581 622 Allgemeine
2639 540 2770 605 Ge-

571 653 1036 737 siohtspunkte.
1125 654 1378 732 Ziirioh,
1429 654 1642 738 1868).

743 759 846 829 Ἐν
903 760 1163 842 τούτοις
1219 761 1329 829 δέν
1391 754 1520 828 εἷνε
1577 758 1741 849 μόνη
1798 756 1837 849 ἦ
1901 757 2169 848 τοιαύτη
2233 765 2368 826 τῶν
2425 755 2770 847 δραμάτων

576 868 902 953 σύνθεσις,
951 869 1046 951 εἰς
1090 862 1167 960 ἢν
1209 867 1460 960 ὀφείλει
1502 868 1620 960 τὴν
1663 865 1860 961 ἀρχὴν
1901 868 1978 936 τὸ
2023 870 2206 956 γένος
2230 874 2363 934 τῶν
2394 870 2771 957 διηγηματι-

576 987 709 1048 κῶν
737 980 1112 1070 Προλόγων.
1195 979 1265 1050 Ὁ
1294 978 1661 1071 Εὐριπίδης
1702 983 1898 1071 δῆλον
1942 978 2048 1049 ὅτι
2091 974 2221 1065 εἶχε
2261 979 2378 1069 τὴν
2421 976 2770 1067 ἱκανότητα

576 1089 767 1180 εἴπερ
809 1119 913 1174 τις
966 1093 1079 1161 καὶ
1135 1089 1334 1173 ἄλλος
1389 1092 1468 1161 νὰ
1525 1096 1827 1182 ζωγραφῇ
1885 1088 1975 1175 ὥς
2026 1089 2402 1160 λεπτότατα
2442 1090 2527 1158 τὰ
2570 1087 2769 1178 πάθη

576 1210 693 1293 τῆς
734 1199 1161 1292 ἀνθρωπίνου
1203 1212 1446 1295 ψυχῆς,
1510 1202 1615 1272 διὸ
1661 1202 1773 1270 καὶ
1819 1200 2302 1292 τραγικώτατον
2343 1202 2531 1267 καλεῖ
2574 1196 2772 1269 αὐτὸν

572 1312 609 1382 ὁ
645 1310 1118 1405 Ἀριστοτέλης.

740 1425 1008 1519 Ἐπειδὴ
1053 1430 1126 1495 δέ
1167 1425 1207 1518 ἦ
1251 1425 1439 1516 κυρία
1480 1424 1672 1507 τάσις
1714 1424 1912 1494 αὐτοῦ
1954 1419 2083 1494 εἶνε
2123 1423 2202 1491 νὰ
2232 1419 2626 1511 παραστήσῃ
2653 1419 2773 1487 τὸν

573 1535 932 1629 ἄνθρωπον
978 1539 1046 1608 έν
1087 1546 1169 1629 τῇ
1210 1539 1386 1628 άκμῆ
1437 1545 1556 1606 τοῦ
1598 1537 1900 1619 πάθους,
1959 1532 2213 1627 ὀφείλει
2254 1534 2335 1603 νὰ
2375 1530 2771 1624 προδηλῶσῃ

575 1648 646 1716 ἐν
690 1648 988 1738 συντόμῳ
1028 1656 1123 1738 τῷ
1166 1656 1378 1739 θεατῇ
1419 1648 1502 1717 τὰ
1546 1655 1665 1738 τῆς
1695 1651 2092 1737 δραματικῆς
2124 1644 2421 1735 πράξεως
2465 1643 2774 1733 έλατήρια

573 1760 657 1827 τὰ
702 1754 1060 1851 ὥθήσαντα
1103 1756 1301 1827 αὐτὸν
1343 1760 1462 1828 ἐπὶ
1501 1758 1619 1849 τὴν
1660 1766 1778 1828 τοῦ
1804 1758 2024 1843 μύθου
2055 1755 2621 1847 δραματοποίησιν
2662 1759 2772 1823 ἵνα

573 1864 778 1949 εὐθὺς
817 1869 985 1937 κατὰ
1025 1870 1143 1961 τὴν
1184 1868 1409 1957 κυρίαν
1451 1877 1571 1938 τοῦ
1616 1868 1944 1955 δράματος
1984 1865 2180 1959 άρχὴν
2234 1869 2485 1958 δυνηθῇ
2527 1869 2601 1935 νὰ
2652 1870 2772 1951 ζω-

574 1980 874 2072 γραφήσῃ
934 1982 1011 2050 τὸ
1071 1982 1303 2063 πάθος
1359 1982 1428 2049 έν
1472 1980 1590 2072 ὅλῃ
1649 1978 1847 2048 αὑτοῦ
1890 1987 1973 2071 τῇ
2015 1979 2281 2066 δυνάμει
2321 1980 2434 2048 καὶ
2473 1980 2766 2068 μεγέθει,

575 2089 667 2173 ὥς
695 2091 763 2160 έν
791 2090 1079 2183 Μηδείᾳ,
1121 2089 1513 2179 Ἱππολύτῳ,
1539 2088 1718 2159 Ἴωνι
1749 2093 1976 2178 (πρβλ.
2010 2094 2087 2159 Κ.
2126 2093 2198 2159 O.
2231 2094 2483 2175 Miiller,
2533 2095 2766 2161 Gesoh.

575 2208 816 2290 griech.
859 2208 1205 2294 Litterat.).
1301 2199 1480 2272 Ἀλλ’
1537 2203 1663 2292 ένῷ
1719 2202 2155 2294 προσημαίνει
2211 2201 2369 2294 ἡμῖν
2424 2204 2492 2272 τί
2551 2203 2621 2274 ἐν
2678 2211 2773 2294 τῷ

576 2312 777 2403 μύθῳ
830 2314 1202 2403 πράσσεται
1216 2367 1234 2399 ,
1304 2319 1475 2381 ποῖα
1529 2314 1613 2381 τὰ
1668 2320 1786 2381 τοῦ
1842 2312 2066 2399 μύθου
2119 2311 2454 2403 πρόσωπα
2515 2313 2628 2383 καὶ
2684 2311 2770 2382 τὰ

577 2429 900 2512 μέλλοντα
940 2425 1021 2494 νὰ
1060 2425 1498 2496 ὖποπέσωσιν
1542 2423 1638 2508 εἰς
1666 2424 1972 2517 τοιαύτην
2000 2423 2041 2517 ἢ
2069 2425 2375 2517 τοιαύτην
2406 2426 2770 2512 δυστυχίαν,

575 2535 956 2626 ἐξεγείρεται
989 2534 1080 2617 ὥς
1105 2536 1394 2623 μάλιστα
1438 2532 1597 2626 παρ’
1639 2534 1795 2627 ἡμῖν
1837 2533 1874 2606 ὁ
1904 2535 2115 2627 φόβος
2142 2537 2252 2603 καὶ
2296 2535 2333 2605 o‘
2370 2532 2589 2620 οἶκτος
2617 2537 2774 2607 ὅταν

573 2650 924 2733 βλέπωμεν
985 2650 1069 2717 τὰ
1132 2652 1383 2739 δρῶντα
1448 2649 1784 2740 πρόσωπα
1843 2650 2280 2737 κυμαινόμενα
2344 2652 2412 2719 έν
2464 2650 2774 2739 μεγάλοις

572 2764 688 2847 τῆς
745 2765 958 2849 ψυχῆς
1018 2758 1281 2829 πάθεσι
1337 2761 1448 2829 καὶ
1516 2759 1794 2852 ἑκάστην
1851 2762 2125 2851 στιγμὴν
2195 2762 2641 2849 περιμένωμεν
2691 2760 2774 2829 νὰ

575 2868 837 2959 ἐπέλθῃ
880 2866 918 2959 ἡ
960 2865 1083 2960 ἤδη
1125 2871 1283 2960 ἡμῖν
1324 2870 1575 2961 γνωστὴ
1623 2870 1949 2955 δυστυχία.
2038 2871 2233 2939 Κατὰ
2263 2878 2468 2939 ταῦτα
2497 2870 2772 2963 ἐκινήθη

576 2975 613 3046 ὃ
656 2977 967 3067 ἡμέτερος
1009 2978 1289 3070 ποιητὴς
1331 2980 1450 3048 ἐπὶ
1491 2980 1610 3072 τὴν
1648 2989 1877 3072 χρῆσιν
1917 2989 2048 3049 τῶν
2077 2980 2434 3070 Προλόγων
2472 2980 2610 3050 ὑπὸ
2653 3009 2774 3051 κα-

571 3098 801 3182 θαρῶς
857 3094 1318 3180 παθολογικοῦ
1361 3090 1556 3179 λόγου
1572 3146 1589 3176 ,
1656 3092 1844 3173 ὅπως
1887 3090 2278 3161 διατείνεται
2327 3092 2440 3160 καὶ
2480 3089 2519 3160 ὁ
2564 3094 2772 3161 Bern-

571 3208 781 3291 hardy
813 3206 1167 3291 (Hallisohe
1198 3208 1671 3292 Encyolopfidie
1701 3200 1857 3292 ὄέρθ.
1890 3201 2281 3295 Εὐριπίδης)
2298 3235 2321 3271 .·
2369 3209 2774 3293 „Allerdings

571 3318 834 3384 verfuhr
886 3318 1235 3403 Euripides
1286 3320 1429 3385 hier
1481 3319 1666 3384 nicht
1723 3319 1920 3402 vfillig
1977 3319 2146 3385 ohne
2199 3319 2412 3384 Kunstz
2468 3319 2606 3384 und
2647 3319 2772 3388 Be-

572 3431 933 3513 reohnung,
1005 3431 1174 3496 denn
1233 3432 1350 3497 der
1402 3432 1891 3516 pathologisohe
1936 3431 2353 3516 Standpunkt
2397 3452 2619 3514 zwang
2660 3432 2774 3496 ihn

575 3561 655 3605 zu
698 3542 878 3607 einer
920 3541 1185 3607 solohen
1230 3542 1619 3609 Auskunft“.
1702 3536 1804 3609 Ἐν
1844 3540 2104 3621 τούτοις
2146 3540 2389 3609 πολλοὶ
2434 3538 2573 3631 ἰδίᾳ
2617 3540 2689 3608 δὲ
2732 3537 2770 3605 o‘

573 3651 868 3735 Schlegel
925 3652 1163 3738 (dram.
1214 3653 1389 3720 Vorl.
1434 3655 1482 3732 1,
1539 3657 1573 3719 1
1634 3676 1694 3720 σ.
1743 3657 1897 3738 215)
1956 3653 2290 3741 κατέκρινε
2346 3657 2601 3740 πικρῶς
2654 3648 2773 3739 τὴν

570 3760 792 3851 τέχνην
831 3759 1070 3852 ταύτην
1114 3769 1236 3830 τοῦ
1278 3762 1664 3851 Εὐριπίδου,
1712 3763 1885 3832 διότι
1937 3761 2079 3833 κατ’
2123 3764 2323 3833 αὐτὸν
2364 3764 2479 3832 τὸν
2520 3763 2773 3850 τρόπον

574 3867 828 3961 αἶ’ρεται
872 3877 1078 3964 δῆθεν
1119 3872 1157 3964 ἦ
1206 3877 1578 3964 περιέργεια
1621 3876 1734 3943 καὶ
1778 3883 1966 3944 πᾶσα
2012 3879 2083 3946 δὲ
2126 3877 2353 3970 ἡδονὴ,
2401 3869 2477 3966 ἢν
2519 3873 2772 3943 αἰσθά-

574 4005 752 4050 νεται
794 3979 830 4050 ὃ
873 3982 1124 4071 θεατὴς
1165 3982 1237 4050 ἐκ
1280 3990 1396 4051 τοῦ
1438 3985 1666 4065 τέλους
1708 3984 1818 4051 καὶ
1860 3993 1978 4075 τῆς
2006 3986 2250 4066 λύσεως
2289 3993 2408 4074 τῆς
2451 3989 2771 4074 δραματι-

574 4095 691 4179 κῆς
743 4093 996 4181 πλοκῆς
1052 4091 1505 4181 ἐξαφανίζεται
1564 4090 1886 4174 ὁλοτελῶς
1904 4122 1917 4135 ·
1985 4094 2160 4162 οὕτω
2213 4094 2503 4184 περίπου
2559 4095 2673 4162 καὶ
2731 4093 2770 4162 o‘

575 4204 656 4268 H.
705 4226 761 4268 v.
814 4205 1206 4274 Herwerden
1271 4204 1338 4272 έν
1394 4212 1476 4295 τῇ
1535 4203 1794 4275 ἐκδόσει
1851 4213 1970 4274 τοῦ
1998 4203 2225 4288 Ἴωνος
2267 4210 2496 4296 (1876)
2553 4208 2622 4275 έν
2677 4214 2774 4296 τῷ

577 4309 909 4398 προοιμίῳ
965 4312 1136 4398 λέγει
1155 4343 1175 4378 .·
1253 4323 1500 4400 “neque
1554 4323 1811 4386 omnino
1866 4321 2151 4387 admiror
2208 4320 2618 4404 prologorum
2671 4322 2773 4384 in-
